2864 4944
503 423 552 446 ..-
626 390 675 460 11
746 424 795 446 .-

126 578 211 646 rnnt,
234 563 322 633 neo
351 563 513 648 Regelins
528 570 560 651 ¹)
585 585 667 632 casn
694 565 820 648 magis,
849 583 946 651 quam
977 565 1066 651 quod
1094 587 1171 650 poc

127 655 226 722 ticam
248 653 320 738 ejus
336 651 475 719 indolem
491 652 718 739 cognovisset,
733 651 891 717 Catonem
905 671 1017 716 secum
1035 652 1171 720 duem

127 739 265 806 Enniam
286 738 407 804 statuit.
451 736 562 804 Causa
583 737 668 804 haec
685 736 789 803 fuisse
809 737 946 802 videtur.
990 736 1075 803 Ceto
1097 758 1172 808 cum
1208 781 1212 785 -

128 834 197 890 toto
231 823 340 894 animo
378 820 484 908 plebis
518 834 645 906 partem
680 821 832 900 foveret,
865 820 1025 888 Naevium
1061 823 1171 903 etiam,

129 909 251 993 quippe
280 907 336 994 qui
368 909 477 979 studio
504 927 587 991 erga
618 907 748 995 plebem
777 907 924 990 flagrans
952 908 986 972 in
1015 909 1173 991 patricios
1289 911 1291 914 ’

129 993 347 1070 inveberetur,
370 993 442 1058 sine
463 993 562 1060 dubio
585 993 687 1058 coluit
707 1003 741 1058 et
761 993 944 1069 adamavit3
967 994 1022 1078 qui
1043 995 1173 1078 quidem

130 1099 204 1148 cum
226 1080 258 1148 in
281 1077 413 1146 exilium
434 1097 521 1145 anno
537 1078 701 1144 DXLVlll
716 1099 747 1142 u.
764 1099 793 1144 c.
816 1079 936 1144 missus
957 1089 991 1143 et
1011 1099 1099 1144 anno
1113 1079 1173 1148 DL

130 1179 277 1229 mortuus
298 1175 398 1243 esset,
419 1184 483 1249 quo
506 1163 588 1228 Cato
608 1165 773 1244 Quaestor
784 1163 969 1230 Sardiniam
993 1164 1172 1244 obtinebat,

130 1249 268 1316 Eurrium
289 1269 329 1314 eo
353 1251 426 1332 ipso
456 1269 542 1320 enno
564 1249 704 1317 Romam
724 1269 837 1313 secum
867 1249 976 1326 duxit,
1007 1250 1062 1332 qni
1091 1247 1176 1316 alter

154 1335 371 1400 eodemmodo
403 1333 549 1402 Naevius
580 1347 687 1412 esset,
717 1353 802 1424 quae
838 1343 949 1398 tamen
984 1354 1062 1416 spes
1100 1356 1175 1402 eum

130 1355 257 1490 desedit,
310 1420 383 1489 Hoc
414 1419 522 1505 ipsum
550 1429 659 1484 autem
688 1416 859 1484 consilium
889 1419 923 1483 in
955 1437 1059 1484 causa
1091 1429 1175 1498 arat,

132 1525 192 1570 cur
214 1504 352 1572 Ennium
374 1503 472 1567 etiam
492 1505 526 1567 in
548 1504 655 1567 media
676 1501 793 1585 plebe,
817 1505 849 1568 in
871 1503 1054 1583 Aventino,
1082 1505 1175 1575 hebi-

132 1600 204 1659 tare
235 1588 344 1655 vellet·
389 1588 482 1656 Haeo
506 1589 536 1653 si
563 1587 776 1671 probabiliter
804 1589 969 1672 disputata
996 1601 1092 1668 sunt,
1124 1611 1177 1658 sc·

133 1675 261 1765 quitur,
290 1685 326 1739 ut
356 1673 517 1743 Naevium
546 1675 643 1742 etiam
677 1684 754 1744 ante
782 1673 921 1742 Ennium
950 1676 983 1740 in
1012 1674 1177 1748 Aventino

133 1761 246 1826 sedem
275 1779 367 1824 suam
396 1758 554 1827 habuisse
584 1770 777 1824 statuamus.
821 1760 935 1828 Rebus
956 1762 1002 1826 ita
1023 1763 1178 1828 constitu·

134 1847 187 1926 tis,
203 1848 273 1931 jam
289 1844 451 1911 Varronis
473 1856 506 1909 ct
521 1845 611 1908 Festi
633 1844 726 1912 locos
748 1847 934 1910 accuratius
954 1847 1178 1930 inspiciamus·

134 1929 244 1995 Varro
273 1931 359 1994 enim
395 1930 531 2008 Naevii,
561 1951 625 2014 quo
658 1931 788 1995 nomine
825 1931 901 2014 quin
931 1943 1062 2015 poetam
1092 1933 1180 2001 dieat

134 2036 201 2080 non
225 2017 356 2094 dubito,
378 2015 497 2080 Festus
517 2027 646 2094 autem,
669 2027 702 2080 et
722 2017 911 2080 accuratius
932 2017 1073 2102 quidem,
1095 2019 1181 2083 Nee*

135 2101 180 2166 vii
201 2099 342 2188 alicujus
374 2119 414 2164 ea
442 2099 518 2172 loca
547 2099 649 2172 fuisse
679 2101 797 2202 prodit.
841 2102 914 2178 Quo
946 2114 1053 2167 autem
1082 2103 1180 2171 modo

136 2187 304 2270 utriusque
325 2187 404 2264 viri,
429 2208 565 2270 quorum
587 2198 692 2252 neutri
714 2187 817 2274 major
839 2185 923 2253 tides
954 2205 1051 2272 quam
1074 2186 1180 2266 alteri,

135 2272 238 2338 verba
269 2270 477 2340 concilianda
509 2293 585 2338 esse
617 2271 770 2349 credam,
803 2292 844 2339 ex
872 2273 931 2354 iis,
963 2293 1049 2356 quac
1080 2293 1182 2357 supra

137 2357 322 2440 disputavi,
350 2368 499 2442 apparet.
542 2359 671 2443 Quippe
701 2357 819 2428 Festus
849 2379 923 2426 eum
952 2359 1050 2436 dicit,
1072 2377 1094 2422 a
1116 2379 1181 2442 quo

137 2460 217 2505 vere
240 2443 375 2525 primum
398 2464 516 2514 nemen
538 2442 596 2513 illa
626 2443 711 2514 silva
731 2443 881 2526 aceepit,
911 2442 1020 2509 Varro
1050 2455 1182 2531 poetam
1283 2440 1286 2446 ’

125 2529 181 2610 ,ιώ
203 2525 259 2596 illo
280 2528 471 2607 oriundum,
494 2530 589 2616 cujus
611 2541 644 2594 et
664 2527 768 2612 ipsius
789 2527 846 2594 illa
875 2527 971 2608 loca,
1002 2527 1184 2599 hereditate

138 2623 297 2695 accepta,
319 2624 429 2694 erant,
452 2635 515 2682 avo
538 2613 728 2682 nobiliorem
752 2624 786 2678 ct
807 2615 975 2688 notiorem.
1021 2615 1184 2700 lllajoreur

138 2695 235 2766 etiam
257 2699 403 2766 veritatis
425 2700 570 2781 speciem
591 2698 678 2764 baec
699 2718 772 2764 mee
801 2700 921 2782 accipit
947 2699 1184 2787 qualiscunque

139 2793 283 2850 ceterum
305 2783 495 2868 conjectura
516 2803 577 2860 eo,
607 2784 695 2866 quod
725 2783 791 2866 jam
820 2781 920 2850 multo
949 2794 1023 2851 ante
1045 2783 1184 2866 primunt

139 2867 297 2934 Punicum
325 2865 448 2936 bellum
478 2869 623 2949 tempore
649 2865 777 2934 Naevia
805 2865 862 2932 illa
892 2877 1006 2948 porte,
1037 2887 1184 2951 quanta

139 2951 251 3022 vicina
272 2949 359 3022 silve
376 2971 495 3022 nomen
519 2951 639 3022 ducere
661 2951 767 3020 Varro
783 2956 815 3032 ²)
844 2949 954 3034 refert,
975 2973 996 3016 a
1017 2953 1184 3038 scriptori·

139 3039 203 3104 bus
233 3047 431 3108 memoratur
447 3040 498 3121 ³),
529 3038 649 3124 quippe
706 3057 767 3102 uae
795 3037 839 3104 ad
869 3037 1061 3106 Servianum
1094 3041 1186 3116 urbis

140 3122 349 3190 munitionem
372 3122 603 3206 pertineret),
668 3058 852 3196 aistssinus
873 3136 982 3195 autem
1003 3136 1054 3190 est
1074 3124 1186 3208 Rege-

140 3205 205 3278 lius
218 3210 264 3290 ⁵),
285 3207 341 3299 qui
356 3204 480 3278 Attium
496 3209 655 3276 Naevium
677 3229 835 3292 arrgurem
855 3211 1052 3280 documento
1075 3212 1185 3286 habet.

141 3293 301 3357 Naevian
324 3304 452 3375 gentem
475 3293 601 3362 Romae
624 3294 881 3382 antiquissimam
903 3315 997 3370 esse3
1029 3309 1080 3360 cst
1102 3298 1188 3369 enlm

143 3376 199 3447 ille
224 3379 365 3456 Navius,
388 3399 454 3448 non
475 3379 631 3449 Naevius.
675 3379 767 3448 Haec
790 3379 830 3446 de
854 3379 961 3462 patria
984 3381 1101 3446 Naevii
1121 3381 1188 3447 sul·

143 3461 263 3528 ficient.
314 3463 408 3536 Quae
439 3463 517 3530 addi
547 3473 705 3555 possunt,
735 3461 819 3536 infra
848 3465 1030 3546 addentur,
1061 3487 1103 3534 ne
1137 3469 1190 3535 bis

144 3550 278 3616 easdem
298 3569 353 3613 res
374 3559 521 3618 tractem,

231 3667 281 3733 De
309 3687 415 3752 anno,
447 3688 512 3759 quo
540 3676 637 3738 natus
658 3667 804 3740 Naevius
827 3670 886 3749 sit,
911 3669 993 3740 nihil
1015 3672 1191 3738 memoriae

145 3754 309 3838 proditum
333 3764 400 3830 est,
423 3753 468 3819 itn
491 3761 527 3820 ut
548 3753 634 3821 baec
653 3774 726 3832 res,
750 3775 843 3835 oum,
874 3777 938 3844 quo
962 3759 1080 3826 aetatis
1103 3777 1191 3822 anno

145 3840 338 3916 decesserit,
360 3859 465 3924 aeque
486 3859 549 3903 nos
571 3836 686 3922 fugiat,
708 3841 740 3904 in
761 3841 889 3908 incerto
907 3845 950 3906 sit
968 3839 1190 3928 relinquenda.

148 3925 284 3994 Poetam
314 3945 414 4006 vero,
443 3936 616 4016 antequam
647 3927 680 3996 io
700 3925 836 4018 exilium
856 3928 1052 4008 mitteretur,
1079 3949 1193 3994 senem

218 4169 247 4239 l)
265 4169 284 4224 l.
303 4169 322 4226 l.
373 4167 404 4240 ἃ)
424 4169 443 4228 1.
462 4169 481 4230 i.
531 4168 1196 4245 b)11lulnrll.ll;1vl.0dseeuenrr.lllt

143 4269 216 4326 pap.
233 4253 286 4314 260
302 4254 348 4308 ed.
370 4254 435 4326 erp.
488 4255 672 4324 trunam,
699 4254 907 4332 Balarorum
930 4259 984 4318 aar
1007 4257 1097 4314 arcer
1119 4258 1196 4316 Rern

151 4337 170 4391 l.
184 4355 255 4412 pap.
274 4338 333 4394 686.
387 4341 416 4407 5)
433 4340 452 4395 l.
471 4341 489 4394 l.
504 4357 576 4419 pap.
594 4339 628 4394 39
645 4345 702 4398 not.
721 4339 763 4399 dl.
