2864 4944
521 353 769 427 ...292-

121 553 210 616 nunr‚
233 531 373 602 atreum
393 533 578 605 Romanurn
606 527 870 621 coaffheneam
900 535 1056 600 cecinerit
1070 533 1161 625 'Nuc-

120 626 214 700 rius,
234 624 331 686 aeid
354 622 482 708 quidem
504 623 675 687 commode
702 621 773 686 fieri
804 621 918 706 pontit.
971 622 1046 695 Quo
1075 622 1161 685 enim

120 707 261 774 consilio
275 708 405 773 Romae
420 721 453 773 et
467 700 674 790 Carthaginis
689 709 846 791 originem
860 708 1032 771 tradiderit
1053 718 1162 790 poetri

120 812 228 880 neque
250 795 338 876 apud
352 794 667 878 *Spengenhergium
689 809 795 880 neque
813 795 900 877 opud
923 805 1052 858 eeteros
1072 795 1163 856 viros

121 883 241 946 doctos
269 882 452 964 expositum
481 893 541 947 est.
583 881 619 943 ld
648 891 758 945 autem
789 897 904 944 onmes
927 879 1004 944 mihi
1028 897 1162 943 conces*

119 979 220 1030 surus
250 985 327 1030 esse
356 965 486 1038 contiuo
514 981 638 1050 paene,
661 981 738 1030 rem
767 983 843 1030 esse
863 964 997 1047 longam
1017 975 1049 1029 et
1069 965 1163 1030 inuti·

120 1052 204 1131 lem,
234 1053 360 1118 urbium
389 1054 532 1135 origines
562 1054 697 1117 tractari
724 1050 790 1116 elio
814 1049 953 1116 consilio
976 1048 1077 1128 nullo,
1099 1052 1163 1116 nisi

120 1153 167 1202 ut·
184 1137 291 1203 sciant
320 1137 483 1216 lectores,
503 1157 578 1221 ‘quo
600 1139 696 1202 modo
719 1149 792 1202 orta
814 1138 858 1200 sit
879 1148 1014 1222 utraque
1036 1137 1162 1201 civitas.

120 1223 241 1290 Melius
271 1225 336 1288 hac
364 1225 397 1288 iu
427 1246 464 1288 re
496 1223 640 1287 Blamius
669 1224 755 1306 egit,
786 1223 840 1306 qui
862 1223 903 1306 de
926 1224 1016 1286 urhis¹
1038 1223 1164 1287 Romae

120 1309 270 1394 (mollem
290 1309 356 1373 hoc
378 1311 474 1374 etiam
497 1310 538 1373 (le
559 1309 759 1392 Carthagine
780 1310 964 1387 statuisset)
986 1308 1163 1372 incremen-

122 1397 167 1460 tis
187 1397 350 1461 cecinisse
370 1407 499 1479 poetam
521 1383 684 1480 opinatur,
714 1394 799 1478 quod
820 1393 894 1458 ideo
917 1395 958 1458 ab
980 1413 1020 1458 eo
1042 1394 1165 1460 fecurm

121 1503 200 1547 esse
222 1482 287 1545 dici
310 1482 434 1564 possit,
465 1497 518 1558 ut,
545 1479 663 1564 quibus
684 1481 804 1564 apibus
827 1490 859 1542 et
880 1478 1009 1544 auxiliis
1030 1492 1165 1567 uterque

123 1567 265 1652 populus
288 1565 363 1631 belli
385 1567 476 1631 initio
498 1585 577 1630 usus
601 1567 653 1644 sit,
676 1576 844 1648 appareat.
890 1565 956 1630 Sed
980 1567 1021 1628 de
1042 1565 1106 1630 hac
1129 1585 1166 1630 re

118 1657 189 1740 jam
211 1669 311 1736 supra
333 1656 434 1718 verba
455 1651 538 1733 feci3
559 1653 703 1735 ineptum
724 1652 808 1714 enim
831 1662 919 1732 erat,
938 1663 1041 1716 totam
1061 1654 1167 1736 repeti

124 1740 346 1806 Romanorum
370 1738 557 1813 historiam,
587 1749 621 1802 et
642 1738 736 1822 quasi
757 1739 799 1802 ah
824 1736 952 1802 Artemo
981 1738 1102 1822 incipi,
1132 1750 1167 1803 ut

123 1825 262 1902 Doridis
283 1843 416 1908 regnum
439 1824 617 1888 describas.
662 1824 774 1906 Neque
796 1822 862 1886 hoc
882 1825 914 1888 in
932 1822 1089 1890 Naevium
1112 1845 1166 1888 cn·

125 1911 202 1981 dere
227 1909 365 1982 crimen,
393 1903 509 1989 clare,
539 1905 667 1996 siquid
697 1909 813 1988 video,
844 1929 863 1972 e
893 1908 1061 1975 Ciceronis
1090 1909 1166 1978 loco

124 1993 308 2082 quodaml)
340 2006 496 2080 apparet,-
523 2017 587 2080 quo
620 1995 778 2071 Ennium,
806 1995 916 2060 onruia
943 1989 1167 2082 Romanorum

124 2083 210 2148 bella
233 2092 448 2168 persecutum,
470 2082 608 2165 primunt
629 2071 708 2144 illud
731 2077 899 2162 Punicum,
920 2093 1033 2163 utpote
1047 2103 1068 2145 a
1083 2083 1166 2146 Nae·

124 2167 180 2235 rio
203 2166 400 2252 descriptum
421 2166 593 2252 reliquisse
614 2175 774 2230 narratur.
818 2165 900 2232 Cum
929 2165 1029 2253 igitur
1050 2165 1167 2247 Blumii

124 2250 284 2320 sententia
315 2247 446 2321 omniuo
477 2248 649 2318 temeraria
679 2253 738 2330 sit,
770 2251 1032 2336 Spengenbergii
1058 2265 1167 2322 autern

126 2331 297 2423 dispositio
321 2349 451 2422 poetam
473 2335 714 2405 inconsiderate
732 2335 865 2424 ⁸secisse
892 2351 1029 2421 arguat,
1060 2353 1168 2406 meum

119 2425 193 2488 ‘hac
216 2423 256 2488 de
276 2439 313 2485 re
340 2415 563 2506 qualecunque
587 2421 744 2508 judicium
771 2444 962 2508 proponam.
1004 2415 1169 2508 Romanis

127 2511 226 2592 igitur
237 2523 309 2572 cum
322 2501 644 2594 Carthaginiensibus
655 2511 717 2575 sub
728 2509 928 2590 reipublicae
944 2501 1071 2576 demum
1087 2525 1166 2578 tem-

127 2615 212 2678 pore
228 2595 456 2670 commercium
471 2594 574 2658 fuisse
589 2589 735 2660 traditum
766 2582 862 2660 Untle
874 2609 1022 2680 apparet,
1040 2591 1169 2682 Virgilii

120 2679 274 2754 ¹illam‘tle
292 2680 408 2746 Aenea
430 2675 517 2764 apud
538 2675 828 2764 Carthaginienses
853 2694 1001 2746 morante
1023 2682 1169 2748 fabulam

126 2765 356 2831 uetustissimis
375 2761 533 2832 Romanis
551 2767 695 2848 ignotam
718 2764 832 2830 fnisse.
852 2802 856 2812 ·
881 2765 960 2848 Sive
978 2767 1076 2848 igitur
1092 2781 1170 2834 ante

126 2843 301 2928 Naevium,
324 2853 394 2916 sive
416 2847 458 2914 ab
480 2852 553 2936 ipso
576 2848 795 2931 excogitatam
817 2870 889 2916 eam
910 2849 1014 2918 luisse
1031 2862 1170 2934 statuas,

127 2959 147 3004 e
175 2931 293 3002 Naevii
323 2949 412 3002 certe
441 2957 477 3001 re
507 2946 596 3014 erat,
628 2951 811 3020 exponere,
842 2929 1004 3022 quomodo
1033 2947 1171 3028 utraque

127 3025 218 3102 urbs,
249 3022 339 3088 initio
356 3023 564 3109 conjuncte,
594 3020 737 3110 Deorum
765 3023 911 3106 ipsorum
948 3013 1094 3094 consiliis
1123 3028 1170 3098 di·

128 3119 253 3177 structa
280 3107 386 3173 fuerit.
441 3105 578 3176 Accedit
609 3108 698 3174 aliud
730 3121 965 3194 argumentum.
1020 3111 1105 3180 Nem
1138 3125 1172 3179 et

129 3185 275 3260 Naevius
297 3205 329 3258 et
351 3193 472 3260 Ennius
494 3196 627 3259 Aeneae
649 3214 692 3258 ex
721 3191 789 3260 filia
816 3191 969 3282 nepotem
997 3191 1172 3266 Romulum

127 3277 231 3348 fuisse
252 3279 453 3360 tradiderunt
465 3284 496 3383 ²)
503 3328 515 3359 ‚
544 3281 589 3346 ita
613 3289 648 3344 ut
670 3289 703 3344 et
723 3279 856 3345 Aeneae
879 3299 1009 3360 errores
1038 3293 1070 3348 et
1093 3305 1170 3366 cone

130 3366 198 3432 uita
220 3363 387 3450 Carthago
416 3361 449 3430 ln
478 3367 565 3432 idem
592 3364 663 3428 fere
691 3375 820 3451 tempus
854 3357 1044 3432 inciderent.
1085 3367 1171 3446 Nem

131 3453 281 3540 quemvis
306 3451 429 3516 Ennius
457 3471 494 3516 se
515 3449 729 3536 septingentis
759 3460 837 3534 post
866 3447 1030 3518 conditam
1059 3451 1172 3524 urbem

130 3539 227 3608 annis
254 3549 364 3603 natum
392 3536 544 3617 dicut),
571 3525 731 3602 Naevium
761 3548 867 3620 temen
897 3535 964 3604 hac
984 3539 1017 3606 in
1039 3559 1076 3624 re
1097 3563 1171 3611 eunt

126 3627 173 3690 'eo
195 3617 343 3690 sensisse
363 3621 577 3688 demonstrari
598 3631 801 3708 uecpotest,
822 3645 884 3690 nec
906 3625 936 3689 si
981 3627 1172 3706 ossiemui

132 3713 199 3776 tum
229 3705 382 3792 interest,
412 3710 442 3774 si
471 3729 550 3774 vera
579 3719 656 3776 sunt
686 3707 833 3791 quaeue
863 3647 992 3776 calculo
1024 3702 1172 3798 Enniano

133 3793 312 3882 disputavit
331 3785 584 3944 Niebuhriuspp
626 3791 716 3860 Beue
742 3795 842 3880 igitur
866 3808 945 3861 sese
972 3785 1073 3862 hebet
1093 3810 1173 3866 tem-

132 3903 248 3968 porum
269 3883 473 3949 ratiocinatio
497 3903 519 3947 a
571 3882 666 3946 aevia
687 3880 852 3959 institute,
882 3873 968 3960 male
998 3895 1056 3956 eu,
1088 3904 1173 3969 quae

132 3969 233 4054 apuu
248 3967 419 4052 Virgilium
442 3977 502 4042 est.
545 3963 642 4032 Unde
670 3963 849 4046 concludo,
872 3965 1030 4042 Naevium
1053 3971 1173 4054 utrium

200 4237 230 4306 ι)
246 4237 330 4294 unu.
348 4235 422 4292 xrs
440 4171 485 4300 rli,
526 4238 558 4309 ι)
574 4236 683 4310 papa.
702 4213 735 4294 ri.
756 4237 796 4294 ro.
837 4238 869 4306 ι)
891 4238 1034 4296 rma
1049 4255 1084 4298 n
1100 4243 1172 4300 nne
1228 4221 1234 4232 '

131 4319 174 4377 ur.
196 4317 220 4376 ι.
254 4324 286 4391 ι)
304 4322 391 4378 aaa.
412 4313 510 4376 caan
529 4318 550 4376 ι.
567 4319 619 4376 aer
636 4337 695 4392 sqq.
714 4329 744 4376 a
760 4321 820 4400 aaa
1096 4352 1100 4363 ·
1160 4347 1168 4378 -.
