2864 4944
628 340 905 412 -s,.

247 471 456 600 Scirueltius,
486 537 682 606 quamquem
710 517 741 598 is
768 515 891 584 docere
918 533 993 584 oum
1067 527 1171 600 terat,
1191 541 1292 608 quam

247 617 398 672 contorte
424 604 595 672 Ciceronis
622 603 731 671 locum
751 601 966 689 explicaverit
973 626 984 682 ς
1046 607 1130 692 mbri
1150 607 1236 672 enim
1256 610 1292 674 ia
1410 647 1413 654 ·

247 691 365 776 quibus
394 700 466 756 emt
493 699 609 766 uetus,
639 688 795 754 Umbrica
816 686 1052 773 loquebantur,
1085 691 1173 758 unde
1195 691 1313 759 Plauv·
1426 725 1427 792 3

246 790 315 842 tum
336 796 465 928 quopue
486 774 648 840 omitteret
669 773 787 840 Cicero
815 793 957 840 necesse
982 784 1062 840 erat.
1107 775 1175 843 Sed
1196 799 1216 843 e
1237 777 1291 858 ci,-

247 881 378 927 coronas

245 945 385 1012 Romam
414 947 576 1030 migrasse
604 945 715 1031 itaque
735 944 884 1012 Romane
905 965 926 1012 a
947 946 1059 1030 pueris
1080 949 1177 1013 etiam
1199 947 1289 1015 locu·

245 1043 326 1111 tum,
355 1043 388 1098 et
415 1031 576 1098 Naevium
603 1031 731 1098 Romae
759 1031 802 1096 ab
824 1029 962 1096 infantia
982 1044 1160 1114 versatum,
1191 1035 1290 1100 immo

244 1116 376 1183 Romae
405 1127 517 1184 natum
546 1136 633 1183 esse.
683 1116 778 1190 Quae
806 1117 892 1182 enirn
925 1116 967 1180 de
995 1115 1139 1184 barbaro
1160 1117 1289 1186 Naevio

243 1203 331 1286 apud
354 1201 539 1269 Terentium
560 1211 683 1284 namot,
704 1203 737 1266 in
756 1221 866 1266 errore
888 1202 997 1285 posita
1017 1214 1103 1286 sunt,
1126 1226 1200 1270 oum
1220 1226 1289 1274 non

242 1307 264 1354 a
287 1287 457 1369 Terentio,
487 1289 546 1354 sed
577 1289 620 1352 ab
649 1287 722 1370 ipso
746 1284 863 1352 Plauto
878 1294 910 1368 1)
934 1289 1094 1354 barbarus
1117 1301 1216 1374 poeta
1242 1291 1289 1355 di·

242 1384 357 1452 eatur,
386 1394 494 1458 neque
521 1372 588 1438 hoc
608 1393 725 1437 nomen
750 1371 915 1451 dedecori,
939 1373 1211 1458 quemadmodum
1230 1397 1289 1477 pu·

241 1465 289 1524 ut
303 1457 505 1539 Schuettius,
522 1459 565 1524 sit
575 1459 620 1540 2).
654 1458 765 1542 igitur,
781 1468 816 1522 ut
833 1479 935 1541 supra
954 1458 1031 1538 dixi,
1050 1457 1136 1524 salsa
1156 1481 1289 1526 omnmo

240 1543 391 1612 videatur
412 1554 445 1609 et
466 1565 485 1609 e
507 1564 596 1610 mero
620 1563 732 1607 errore
753 1541 914 1626 prosecta,
931 1564 1016 1629 quae
1035 1545 1076 1608 de
1093 1543 1287 1630 Campania.

240 1628 358 1694 Naevii
387 1630 514 1712 patria,
544 1627 616 1691 Viri
638 1625 736 1694 Docti
766 1637 958 1691 statuerunt.
1009 1627 1161 1694 Traditur
1189 1632 1288 1712 enim,

240 1714 273 1778 in
295 1714 369 1798 ipso
390 1713 495 1797 primo
512 1711 637 1778 Punico
661 1710 745 1776 bello
762 1711 925 1793 stipendia
940 1711 1098 1780 Naevium
1117 1717 1289 1797 meruisse,

240 1801 327 1884 quod
357 1797 479 1884 duplici
508 1798 605 1863 modo
636 1795 707 1861 fleri
728 1797 844 1879 potuit.
887 1796 925 1862 Si
949 1797 1034 1862 enim
1063 1799 1145 1865 civis
1167 1801 1288 1868 Rorna-

239 1905 302 1950 nus
325 1895 407 1962 erat,
430 1885 463 1949 in
484 1882 680 1968 legionibus,
703 1881 733 1946 si
748 1881 895 1964 Latinae,
914 1885 947 1948 ia
970 1884 1071 1950 sociis
1093 1885 1243 1952 militavit
1254 1889 1288 1972 ³)

159 1998 161 2006 ¹
262 1980 347 2036 oeta.
392 1969 459 2035 Sed
481 1970 548 2038 boe
571 1969 669 2034 etiam
689 1968 723 2034 ia
745 1965 840 2047 loro,
863 1978 899 2033 ut
920 1969 952 2033 ia
979 1967 1147 2052 plurimis,
1170 1973 1225 2058 qui
1247 1973 1290 2036 ad

238 1991 356 2122 liaevii
378 2056 479 2120 vitam
507 2064 679 2138 spectant,
709 2052 859 2119 omnibus
882 2053 1026 2119 destituti
1056 2077 1169 2122 sumus
1199 2058 1288 2122 testi·

237 2141 366 2206 moniis.
412 2139 507 2209 Unde
529 2139 576 2219 fir,
600 2149 636 2204 ut
658 2137 970 2208 verisimilitudinem
985 2139 1186 2207 Academico
1208 2163 1290 2227 quo-

237 2227 312 2294 dam
336 2246 426 2292 more
450 2226 544 2310 sequi
566 2244 627 2291 nos
647 2233 806 2308 oporteat.
849 2224 931 2291 Mihi
948 2236 1066 2306 autem,
1082 2227 1289 2313 quemadm07

237 2311 313 2374 darn
336 2311 424 2389 dixi,
447 2311 636 2396 Campanus
657 2307 757 2375 lromo
780 2309 926 2376 Naevius
955 2330 1032 2376 esse
1060 2333 1126 2378 non
1149 2314 1286 2382 videtur.

235 2395 421 2463 Romanum
462 2407 571 2462 arrtcm
610 2406 741 2481 poetam
778 2393 904 2474 fuisse,
938 2415 980 2460 ex
1011 2416 1051 2462 eo
1086 2396 1287 2482 intelligitur,

235 2480 323 2568 quod
362 2482 406 2547 ab
444 2483 613 2562 omnibuS,
643 2482 699 2566 qui
737 2480 778 2544 de
819 2481 932 2565 primis
965 2481 1135 2547 Romanae
1176 2485 1289 2568 poesis

235 2567 444 2634 incrementis
481 2568 584 2633 verba
625 2564 797 2644 fecerunt,
829 2567 940 2648 Livio,
969 2576 1006 2631 ut
1036 2568 1185 2646 Graeco,
1225 2569 1289 2635 Ea-

234 2653 310 2732 aio,
349 2662 385 2717 ut
426 2653 632 2736 semigraeco
671 2650 813 2727 homini,
854 2651 1037 2738 opponitur.
1061 2655 1093 2737 4)
1156 2653 1288 2718 Praete·

234 2757 292 2803 rea
330 2759 369 2804 eo
403 2748 475 2803 erat
516 2736 647 2822 ingenio
680 2757 758 2801 vere
794 2736 945 2806 Romano
985 2736 1040 2801 hic
1073 2736 1143 2816 vir,
1178 2751 1214 2802 ut
1247 2741 1289 2804 de

233 2823 343 2910 patria
365 2823 505 2909 ejusne
528 2827 663 2893 verbum
693 2821 822 2906 quidem
853 2823 885 2887 in
909 2827 981 2909 ejus
1007 2822 1191 2894 inveniatur
1211 2823 1288 2890 reli·

234 2909 331 2999 quiis,
358 2920 459 2992 utque
480 2907 592 2974 nullus
613 2908 756 2990 scriptor
777 2907 948 2974 Romanus
970 2907 1043 2992 ejus
1065 2912 1205 2993 patriam
1227 2931 1288 2974 uo·

233 2994 353 3072 minet,
387 3013 460 3056 cum
489 3001 599 3058 tamen
621 2992 662 3054 de
683 2990 787 3068 Livii,
817 2991 932 3070 Ennii,
966 2991 1072 3057 Plauti
1105 2995 1213 3076 patria
1240 2993 1288 3060 di-

233 3088 323 3148 serte
347 3077 504 3158 scribant.
541 3076 587 3144 At
614 3085 745 3159 poterat
775 3094 851 3139 esse
875 3074 1065 3159 Campanus
1088 3088 1145 3143 aut
1174 3101 1289 3165 eques,

232 3164 345 3247 itaque
376 3161 459 3226 civis
481 3161 662 3238 Romanae,
686 3169 743 3224 aut
766 3179 786 3224 e
807 3160 904 3244 plebe
927 3160 1108 3246 Campana,
1132 3175 1164 3228 et
1186 3185 1206 3230 a
1230 3187 1288 3249 po·

232 3246 313 3340 pulo
336 3244 390 3312 vel
420 3246 517 3336 plebe
538 3247 710 3324 Romana,
741 3257 775 3309 ut
798 3267 818 3310 a
847 3245 1012 3313 nobilibus
1033 3248 1178 3328 Eunias,
1209 3251 1288 3315 civi·

232 3344 302 3399 tate
324 3333 451 3400 donari.
497 3333 563 3399 Sed
592 3332 632 3396 de
654 3331 722 3396 hoe
743 3351 784 3396 ne
806 3333 941 3396 verbum
963 3334 1092 3418 quidem
1116 3357 1178 3401 nec
1199 3335 1289 3418 apud

232 3420 242 3484 l
270 3439 341 3483 sam
364 3437 428 3483 nec
453 3418 540 3506 apud
565 3428 694 3482 eeteros
718 3417 898 3502 scriptores
920 3418 1091 3486 Romanos
1114 3422 1288 3500 invenitur,

257 3525 310 3570 um
341 3501 468 3574 Ennius
498 3501 670 3570 exsultans
699 3501 768 3570 fere
799 3502 923 3571 laetitia
951 3504 985 3574 ia
1015 3506 1088 3594 ipso
1112 3505 1290 3576 Annalium

237 3643 443 3660 unum

304 3714 331 3782 l)
356 3713 418 3768 mil.
445 3715 520 3789 plor.
537 3711 570 3768 ll.
588 3712 614 3772 2
632 3711 675 3768 56.
735 3713 767 3784 l)
792 3711 882 3770 Paul.
907 3711 1057 3772 Illacoauo
1080 3731 1103 3769 r.
1118 3731 1144 3768 u.
1171 3712 1292 3770 barbari

232 3815 302 3874 pap.
326 3797 369 3854 36.
396 3797 440 3853 ed.
464 3797 599 3854 Mueller.
641 3797 773 3854 Doruille
803 3800 844 3854 ad
864 3798 975 3856 Oderit.
998 3817 1069 3873 pay.
1094 3799 1162 3863 5263
1186 3799 1291 3854 Linde·

177 3919 179 3924 ·
234 3899 326 3943 mana
349 3883 390 3940 ad
406 3882 510 3944 Plaut.
532 3882 662 3942 Trinium.
676 3882 754 3956 prol.
775 3881 815 3940 19.
866 3883 969 3942 Duker
984 3884 1026 3939 ad
1043 3883 1165 3942 armum
1182 3882 1203 3938 1.
1219 3899 1290 3958 pap.

232 3967 276 4023 36.
302 3964 335 4022 ll·
357 3983 431 4040 pay.
455 3967 517 4025 885.
543 3969 589 4023 ed.
614 3967 695 4040 lips.
743 3969 775 4040 a)
794 3965 999 4042 Hopserrsaolt,
1027 3966 1213 4024 Staotrreobt
1238 3968 1292 4023 der

237 4051 437 4108 detortam
472 4052 526 4107 der
556 4052 667 4108 Rdmer
695 4069 768 4126 pap.
801 4052 844 4108 20.
886 4070 947 4124 sqq.
1021 4055 1058 4120 t)
1084 4051 1231 4106 Ducatzer
1264 4061 1292 4107 et

234 4138 342 4198 Lusca
365 4139 402 4194 de
425 4153 513 4196 versu
538 4133 679 4192 Saturnio
696 4153 769 4208 pop.
794 4137 846 4201 nur
881 4135 1008 4192 Grauert
1031 4137 1063 4190 ta
1085 4135 1192 4192 Kosatt
1216 4136 1291 4192 libro

236 4219 369 4300 Spa-aelio
394 4222 448 4279 der
467 4219 642 4277 nauscam
660 4219 770 4293 Epire
782 4219 925 4293 popm.
944 4226 973 4274 ot
991 4219 1059 4282 tuot
1077 4221 1153 4280 adde
1171 4219 1290 4280 Sueten.

229 4307 266 4386 dc
288 4307 394 4366 tllartr.
411 4323 540 4385 promat·
559 4306 593 4374 t;
612 4303 713 4364 Fertur
727 4322 796 4381 pap.
814 4305 874 4364 2⁰³.
893 4304 936 4360 at.
951 4301 1090 4386 Mueller.

431 863 460 926 is
488 861 604 926 verbis
628 857 738 943 colligi
765 868 892 948 potest,
921 869 955 925 et
982 859 1134 928 Plautum
1163 873 1291 930 mature
1412 923 1414 935 .
