2864 4944
515 375 765 480 ''¹33''

122 570 188 627 tum
227 574 305 624 csse
332 563 455 624 statuet
488 553 650 624 Kreusins
662 561 715 637 ¹),
750 553 842 622 autu
869 575 971 622 causa
1003 568 1063 624 est.
1105 557 1166 626 lm·

123 667 175 710 mo
192 641 262 732 jam
282 643 316 708 in
337 642 442 708 medio
472 641 560 708 bello
589 639 683 708 miles
711 639 816 707 fuisse
845 641 990 718 videtum
1020 642 1168 727 quodsi

122 730 230 794 minus
251 728 386 810 fuisset,
407 726 583 813 quentilla,
606 747 751 812 quaeso,
774 725 880 810 gloria
900 739 989 806 erat,
1012 748 1077 813 qua
1100 749 1167 794 mo·

123 825 176 879 tus
204 835 281 880 esse
314 814 449 892 dicitur,
484 824 520 877 ut
538 814 583 890 in
613 813 687 896 ipso
718 811 881 892 carmine,
911 813 998 898 quod
1028 813 1070 878 de
1101 813 1168 880 hoo

120 897 209 964 bello
237 909 485 984 composuerat,
517 898 753 980 stipendiorum
780 917 914 964 suorum
943 895 1167 965 meminisset?

122 983 189 1050 Sed
219 993 402 1067 temporum
433 985 530 1050 etiam
561 981 710 1050 calculus
737 983 878 1050 suadere
906 984 1051 1061 videtur,
1076 996 1112 1049 nt
1132 986 1167 1050 in

123 1069 231 1134 medio
255 1075 327 1154 jam
357 1066 442 1134 bello
470 1067 621 1134 tirocinio
648 1089 709 1133 sua
736 1066 857 1133 iecisse
883 1080 1014 1153 poetam
1043 1080 1166 1134 statua·

123 1175 206 1218 mus.
249 1153 357 1218 Natus
380 1155 465 1221 enim
486 1153 632 1218 Naevius
654 1164 731 1217 ante
758 1173 880 1220 annum
901 1153 1167 1218 ODLXXXVlll.

122 1259 153 1306 u.
166 1261 196 1304 e.
208 1250 259 1303 est
271 1242 317 1321 ²),
327 1241 373 1304 ita
384 1251 419 1304 ut
429 1259 515 1304 anno
527 1237 644 1304 saltem
657 1237 737 1302 Dlll.
747 1259 779 1302 u.
791 1260 820 1302 o.
832 1238 884 1302 vel
896 1259 981 1302 auno
992 1237 1166 1304 bellinV.

122 1335 234 1408 togam
251 1343 381 1388 sumere
397 1335 431 1388 et
444 1324 608 1408 stipendia
626 1321 739 1387 facere
759 1333 891 1407 posset,
912 1323 977 1388 nisi
997 1334 1030 1387 et
1050 1324 1122 1407 ipse
1134 1325 1169 1406 ³)

123 1421 200 1474 ante
222 1430 343 1476 annum
369 1409 488 1474 aetatis
512 1409 674 1475 decimum
705 1407 877 1492 septimum
905 1407 1038 1474 militiae
1067 1427 1170 1499 onera

121 1495 230 1559 subiit.
274 1493 374 1558 Falso
396 1505 507 1560 autern
530 1491 747 1576 Koepkius⁴)
769 1493 804 1558 iu
826 1492 971 1560 seeundo
994 1490 1081 1560 bello
1101 1493 1168 1560 Pu·

124 1580 200 1646 uico
222 1589 355 1666 poetam
377 1580 536 1644 meruisse
558 1588 677 1644 narrat.

207 1731 294 1796 lnter
315 1729 432 1795 Naevii
462 1729 561 1796 etiarn
583 1749 676 1794 armo
705 1727 827 1794 siluere
856 1728 984 1794 Musae.
1029 1729 1170 1800 Primam

123 1816 210 1884 enim
233 1813 379 1882 fabulam
400 1835 488 1880 anno
509 1815 632 1880 DXIX.
663 1825 795 1898 poetam
824 1814 974 1894 dedisse,
1002 1817 1096 1882 testis
1118 1827 1171 1882 est

121 1903 232 1967 Varro
270 1902 359 1987 apud
397 1900 537 1966 Gellium
552 1903 602 1984 ⁵):
644 1921 732 1964 anno
767 1901 884 1966 ddrtde
917 1909 996 1984 post
1034 1903 1170 1968 Romam

124 1987 290 2053 conditam
334 1989 586 2072 quincentesimo
628 1988 862 2053 undevicesimo
899 1985 959 2069 Sp.
1004 1987 1171 2052 Carvilius

127 2075 226 2158 Rnya
245 2075 374 2158 primns
398 2074 523 2137 Rornae
543 2072 585 2137 de
608 2075 783 2137 amicornm
813 2075 974 2137 sententia
996 2072 1171 2140 divortium

125 2179 197 2223 cnm
220 2179 324 2223 actore
343 2159 444 2246 fecit,
478 2158 567 2244 qnod
597 2161 714 2224 sterila
743 2165 825 2223 esset
845 2157 1053 2244 jurassetque
1073 2159 1166 2242 opud

126 2264 294 2322 censores,
321 2263 456 2308 uxorem
477 2264 512 2308 sc
534 2243 667 2308 liberum
697 2244 957 2329 quaerendorum
988 2264 1090 2310 conso
1110 2245 1170 2310 lta·

127 2329 211 2395 dere.
258 2329 380 2395 Eodem
413 2347 501 2394 anno
528 2327 587 2396 Cn.
614 2329 762 2395 Naevius
791 2339 895 2414 poeta
922 2330 1059 2417 subulae
1079 2329 1173 2414 apud

123 2417 284 2500 populum
322 2415 413 2479 dedit
432 2418 474 2496 ⁶).
526 2413 650 2480 Varius
678 2427 786 2481 eutem
816 2425 869 2481 est
902 2415 979 2480 anni
1008 2437 1171 2482 uumerus.

127 2499 216 2564 ldem
247 2499 332 2563 enim
360 2498 416 2564 illc
439 2495 565 2565 Gellius
593 2499 660 2566 alio
690 2499 766 2568 loco
782 2501 837 2586 ⁷)=
881 2499 1016 2566 Soram
1047 2522 1173 2588 quoqne

128 2583 299 2668 Sulpicius
322 2593 388 2650 tnm
416 2587 554 2670 primum
583 2587 627 2668 (i.
657 2605 686 2651 e.
716 2586 901 2672 quingentis
929 2597 1005 2672 post
1034 2588 1174 2656 Romam

128 2671 292 2736 conditam
313 2673 425 2750 annis)
455 2671 621 2735 cantiones
641 2673 692 2735 rei
713 2674 852 2737 emortuo
880 2676 1085 2738 necessarius
1104 2695 1174 2738 csse

127 2759 217 2820 nisus
239 2760 392 2840 scripsit,
409 2775 482 2840 ,cum
507 2754 567 2838 Sp.
597 2753 780 2834 Caruilius,
803 2757 856 2818 cni
880 2757 978 2841 ano
1000 2777 1173 2842 coynomen

123 2843 275 2928 (taitnir
295 2841 425 2917 nobilis,
448 2841 622 2903 diuortium
643 2859 713 2902 cnm
735 2858 839 2904 rmore
858 2841 953 2928 fecit,
977 2844 1054 2928 qnia
1076 2841 1173 2908 liberi

126 2945 168 2994 ex
197 2945 257 3004 ea,
288 2927 441 3010 corporis
470 2926 568 3002 citio,
601 2943 667 2990 non
697 2928 931 3012 yiynerentnr,
963 2948 1051 2992 enno
1083 2928 1175 2994 nrln's

127 3011 280 3078 conditae
301 3011 413 3075 DXX
417 3008 490 3091 111,
514 3009 564 3074 M.
597 3011 713 3091 Atilio,
740 3011 777 3076 P.
810 3009 944 3077 Valerio
970 3012 1173 3080 Caesenam.
1238 3027 1242 3036 ·

127 3097 173 3165 At
195 3095 239 3162 M.
261 3095 395 3161 Atilium
419 3095 581 3181 Regulum
612 3107 644 3162 et
666 3097 703 3160 P.
724 3095 893 3162 Valerium
915 3098 1072 3166 Flaccum
1099 3122 1176 3168 con·

129 3181 219 3248 sules
248 3201 334 3247 anno
363 3181 453 3246 urbis
483 3182 636 3248 conditae
658 3181 829 3248 DXXVH.
857 3182 981 3264 fuisse,
1010 3187 1043 3250 in
1064 3186 1176 3254 Fastis

129 3265 358 3334 consularibus
374 3266 539 3352 anonymi,
559 3266 656 3333 fastis
672 3265 879 3352 Capitolinis,
894 3267 1016 3338 Siculis
1037 3281 1071 3336 et
1087 3271 1177 3354 apud

129 3351 366 3420 Cassiodorum
395 3350 549 3440 legimus.
599 3353 666 3418 Sed
699 3373 769 3416 rem
800 3353 908 3434 magis
941 3355 1038 3418 etiam
1066 3357 1178 3421 turbat

129 3438 240 3504 Attius
261 3439 350 3523 apud
372 3435 564 3503 Ciceronem
579 3439 633 3518 ⁸),
655 3437 710 3521 qui
731 3446 809 3521 post
835 3457 955 3504 annum
974 3439 1178 3506 DXXXXV.

130 3524 269 3608 primam
290 3543 312 3588 a
332 3521 426 3588 Livio
445 3521 636 3588 Andronico
658 3521 803 3588 fabulam
825 3523 946 3590 editam
965 3524 1069 3592 fuisse
1091 3527 1180 3612 dicit,

129 3620 207 3674 ante
239 3629 334 3697 quem
357 3606 478 3675 multas
506 3605 638 3675 fabulas
668 3618 702 3673 et
729 3607 865 3675 Plautus
895 3622 928 3676 et
953 3610 1099 3678 Naevius
1121 3613 1177 3677 do·

129 3694 257 3761 cnerint
272 3730 315 3744 -
337 3695 392 3780 qui
415 3715 512 3780 quam
534 3692 640 3760 falsus
662 3694 725 3771 sit,
751 3696 954 3778 argumentis
981 3699 1051 3762 suis
1081 3697 1180 3764 evicit

131 3779 288 3846 Osannus
303 3780 346 3867 ⁹).
390 3779 479 3848 Anni
505 3789 633 3860 autem,
663 3799 728 3866 quo
757 3781 895 3866 primam
917 3781 1064 3850 Naevius
1086 3781 1178 3850 fabu-

197 4076 227 4148 l)
248 4075 268 4130 l.
287 4074 305 4129 l.
322 4091 392 4150 poa.
417 4073 476 4130 int.
528 4075 558 4144 2)
583 4074 622 4147 cf.
635 4091 707 4151 pay.
728 4076 769 4132 15.
828 4075 857 4144 ³)
882 4075 946 4134 lic.
971 4077 1058 4134 xxti.
1083 4080 1126 4136 ot.
1150 4080 1183 4144 ῦς

131 4157 214 4216 Scan.
232 4159 273 4216 ad
296 4159 373 4234 Vlry.
390 4160 460 4216 Aen.
480 4159 583 4216 X.800.
636 4163 666 4227 4)
679 4161 698 4217 1.
718 4160 738 4216 l.
752 4177 824 4235 pay.
842 4160 888 4216 Ll.
940 4164 970 4231 5)
988 4163 1073 4220 xvu.
1091 4165 1186 4232 tttt,

129 4243 158 4310 ὓ)
184 4243 287 4317 Ρίρήῑῐ
303 4243 424 4300 annales
443 4243 483 4298 ad
501 4259 608 4298 mum
625 4243 743 4300 DXIX.
796 4247 825 4314 7)
849 4243 896 4302 lV.
919 4247 944 4302 3.
958 4249 984 4304 d.
1038 4250 1068 4318 Β)
1101 4247 1186 4304 Bm.

127 4325 212 4383 xvn.
229 4327 272 4384 73.
323 4327 354 4398 9)
373 4329 452 4386 ancl.
472 4333 535 4385 trit.
557 4347 630 4405 paq.
648 4332 682 4384 dd
697 4347 757 4402 sqq.
