<?xml version="1.0" encoding="UTF-8"?>
<!DOCTYPE html PUBLIC "-//W3C//DTD XHTML 1.0 Transitional//EN"
    "http://www.w3.org/TR/xhtml1/DTD/xhtml1-transitional.dtd">
<html xmlns="http://www.w3.org/1999/xhtml" xml:lang="en" lang="en">
 <head>
  <title>
</title>
<meta http-equiv="Content-Type" content="text/html;charset=utf-8" />
  <meta name='ocr-system' content='tesseract 3.04.00' />
  <meta name='ocr-capabilities' content='ocr_page ocr_carea ocr_par ocr_line ocrx_word'/>
</head>
<body>
  <div class='ocr_page' id='page_1' title='image "./cnnaeviipoetaer00naevgoog_0049.png"; bbox 0 0 2864 4944; ppageno 0'>
   <div class='ocr_carea' id='block_1_1' title="bbox 208 4072 295 4116">
    <p class='ocr_par' dir='ltr' id='par_1_1' title="bbox 208 4072 295 4116">
     <span class='ocr_line' id='line_1_1' title="bbox 208 4072 295 4116; baseline -0.011 -33"><span class='ocrx_word' id='word_1_1' title='bbox 208 4079 231 4116; x_wconf 32' lang='grc' dir='ltr'>κ</span> <span class='ocrx_word' id='word_1_2' title='bbox 292 4072 295 4082; x_wconf 94' lang='grc'>,</span> 
     </span>
    </p>
   </div>
   <div class='ocr_carea' id='block_1_2' title="bbox 647 367 900 439">
    <p class='ocr_par' dir='ltr' id='par_1_2' title="bbox 647 367 900 439">
     <span class='ocr_line' id='line_1_2' title="bbox 647 367 900 439; baseline -0.02 -15"><span class='ocrx_word' id='word_1_3' title='bbox 647 367 900 439; x_wconf 67' lang='lat'><strong>...36-</strong></span> 
     </span>
    </p>
   </div>
   <div class='ocr_carea' id='block_1_3' title="bbox 261 549 1304 975">
    <p class='ocr_par' dir='ltr' id='par_1_3' title="bbox 261 549 1304 975">
     <span class='ocr_line' id='line_1_3' title="bbox 261 549 1302 633; baseline -0.009 -14"><span class='ocrx_word' id='word_1_4' title='bbox 261 569 269 580; x_wconf 86' lang='lat'><em>&#39;</em></span> <span class='ocrx_word' id='word_1_5' title='bbox 381 561 450 619; x_wconf 82' lang='lat' dir='ltr'>Bet.</span> <span class='ocrx_word' id='word_1_6' title='bbox 483 555 574 617; x_wconf 71' lang='lat'><strong>1620.</strong></span> <span class='ocrx_word' id='word_1_7' title='bbox 606 555 636 615; x_wconf 87' lang='grc'>8.</span> <span class='ocrx_word' id='word_1_8' title='bbox 667 571 737 633; x_wconf 85' lang='lat' dir='ltr'>pag.</span> <span class='ocrx_word' id='word_1_9' title='bbox 770 549 821 613; x_wconf 80' lang='grc'>18.</span> <span class='ocrx_word' id='word_1_10' title='bbox 843 583 883 597; x_wconf 89' lang='lat'>-··</span> <span class='ocrx_word' id='word_1_11' title='bbox 914 553 985 629; x_wconf 91' lang='lat' dir='ltr'>qui,</span> <span class='ocrx_word' id='word_1_12' title='bbox 1016 554 1152 630; x_wconf 85' lang='lat' dir='ltr'>quamvis</span> <span class='ocrx_word' id='word_1_13' title='bbox 1178 556 1302 632; x_wconf 84' lang='lat' dir='ltr'>tragoe-</span> 
     </span>
     <span class='ocr_line' id='line_1_4' title="bbox 384 639 1302 718; baseline -0.009 -15"><span class='ocrx_word' id='word_1_14' title='bbox 384 647 501 706; x_wconf 77' lang='lat' dir='ltr'>diarum</span> <span class='ocrx_word' id='word_1_15' title='bbox 531 645 651 702; x_wconf 73' lang='lat' dir='ltr'>tantuin</span> <span class='ocrx_word' id='word_1_16' title='bbox 682 639 829 716; x_wconf 67' lang='lat' dir='ltr'>reliquias</span> <span class='ocrx_word' id='word_1_17' title='bbox 865 639 1011 718; x_wconf 79' lang='lat' dir='ltr'>colligere</span> <span class='ocrx_word' id='word_1_18' title='bbox 1041 639 1194 712; x_wconf 71' lang='lat' dir='ltr'>veluerit,</span> <span class='ocrx_word' id='word_1_19' title='bbox 1224 656 1302 696; x_wconf 90' lang='lat' dir='ltr'>non-</span> 
     </span>
     <span class='ocr_line' id='line_1_5' title="bbox 386 723 1304 803; baseline -0.008 -14"><span class='ocrx_word' id='word_1_20' title='bbox 386 730 470 790; x_wconf 86' lang='lat' dir='ltr'>nulla</span> <span class='ocrx_word' id='word_1_21' title='bbox 499 732 602 788; x_wconf 88' lang='lat' dir='ltr'>tamen</span> <span class='ocrx_word' id='word_1_22' title='bbox 630 729 662 784; x_wconf 91' lang='lat' dir='ltr'>in</span> <span class='ocrx_word' id='word_1_23' title='bbox 691 727 834 800; x_wconf 81' lang='lat' dir='ltr'>incertis,</span> <span class='ocrx_word' id='word_1_24' title='bbox 867 743 945 802; x_wconf 80' lang='lat' dir='ltr'>quse</span> <span class='ocrx_word' id='word_1_25' title='bbox 980 725 1079 803; x_wconf 65' lang='lat' dir='ltr'>dicit,</span> <span class='ocrx_word' id='word_1_26' title='bbox 1107 726 1200 786; x_wconf 78' lang='lat' dir='ltr'>hehet</span> <span class='ocrx_word' id='word_1_27' title='bbox 1230 723 1304 788; x_wconf 86' lang='lat' dir='ltr'>belli</span> 
     </span>
     <span class='ocr_line' id='line_1_6' title="bbox 384 809 1304 893; baseline -0.008 -18"><span class='ocrx_word' id='word_1_28' title='bbox 384 814 493 875; x_wconf 88' lang='lat' dir='ltr'>Punici</span> <span class='ocrx_word' id='word_1_29' title='bbox 516 814 697 893; x_wconf 84' lang='lat' dir='ltr'>iragmente.</span> <span class='ocrx_word' id='word_1_30' title='bbox 732 809 800 872; x_wconf 81' lang='lat' dir='ltr'>Non</span> <span class='ocrx_word' id='word_1_31' title='bbox 823 812 1047 872; x_wconf 87' lang='lat' dir='ltr'>contemnenda</span> <span class='ocrx_word' id='word_1_32' title='bbox 1068 829 1209 891; x_wconf 82' lang='lat' dir='ltr'>magnam</span> <span class='ocrx_word' id='word_1_33' title='bbox 1230 828 1304 888; x_wconf 82' lang='lat' dir='ltr'>par·</span> 
     </span>
     <span class='ocr_line' id='line_1_7' title="bbox 385 897 990 975; baseline -0.007 -15"><span class='ocrx_word' id='word_1_34' title='bbox 385 907 448 960; x_wconf 89' lang='lat' dir='ltr'>tem</span> <span class='ocrx_word' id='word_1_35' title='bbox 472 902 554 973; x_wconf 87' lang='lat' dir='ltr'>sunt,</span> <span class='ocrx_word' id='word_1_36' title='bbox 577 918 656 975; x_wconf 86' lang='lat' dir='ltr'>quae</span> <span class='ocrx_word' id='word_1_37' title='bbox 677 897 834 956; x_wconf 78' lang='lat' dir='ltr'><strong>adnotavit</strong></span> <span class='ocrx_word' id='word_1_38' title='bbox 855 898 990 957; x_wconf 85' lang='lat' dir='ltr'>Vossius.</span> 
     </span>
    </p>
   </div>
   <div class='ocr_carea' id='block_1_4' title="bbox 226 1006 1305 1096">
    <p class='ocr_par' dir='ltr' id='par_1_4' title="bbox 226 1006 1305 1096">
     <span class='ocr_line' id='line_1_8' title="bbox 226 1006 1305 1096; baseline -0.012 -12"><span class='ocrx_word' id='word_1_39' title='bbox 226 1006 230 1011; x_wconf 47' lang='grc'><strong>’</strong></span> <span class='ocrx_word' id='word_1_40' title='bbox 259 1027 317 1089; x_wconf 80' lang='lat' dir='ltr'>Pii.</span> <span class='ocrx_word' id='word_1_41' title='bbox 341 1025 368 1088; x_wconf 87' lang='grc' dir='ltr'>Ι.</span> <span class='ocrx_word' id='word_1_42' title='bbox 392 1021 432 1080; x_wconf 81' lang='lat' dir='ltr'>ab</span> <span class='ocrx_word' id='word_1_43' title='bbox 454 1019 666 1082; x_wconf 76' lang='lat' dir='ltr'>Almeloveenz</span> <span class='ocrx_word' id='word_1_44' title='bbox 702 1017 853 1096; x_wconf 88' lang='lat' dir='ltr'>opuscula</span> <span class='ocrx_word' id='word_1_45' title='bbox 882 1016 943 1076; x_wconf 78' lang='lat' dir='ltr'>sive</span> <span class='ocrx_word' id='word_1_46' title='bbox 975 1011 1191 1095; x_wconf 76' lang='lat' dir='ltr'>antiquitatum</span> <span class='ocrx_word' id='word_1_47' title='bbox 1215 1033 1232 1072; x_wconf 87' lang='lat' dir='ltr'>e</span> <span class='ocrx_word' id='word_1_48' title='bbox 1255 1031 1305 1072; x_wconf 85' lang='lat' dir='ltr'>sa-</span> 
     </span>
    </p>
   </div>
   <div class='ocr_carea' id='block_1_5' title="bbox 273 1101 1308 1521">
    <p class='ocr_par' dir='ltr' id='par_1_5' title="bbox 273 1101 1308 1521">
     <span class='ocr_line' id='line_1_9' title="bbox 387 1101 1305 1182; baseline -0.011 -16"><span class='ocrx_word' id='word_1_49' title='bbox 387 1107 446 1166; x_wconf 88' lang='lat' dir='ltr'>cris</span> <span class='ocrx_word' id='word_1_50' title='bbox 476 1105 675 1182; x_wconf 79' lang='lat' dir='ltr'>profanarum</span> <span class='ocrx_word' id='word_1_51' title='bbox 707 1103 880 1181; x_wconf 81' lang='lat' dir='ltr'>specimen3</span> <span class='ocrx_word' id='word_1_52' title='bbox 914 1101 1132 1178; x_wconf 85' lang='lat' dir='ltr'>conjectanee,</span> <span class='ocrx_word' id='word_1_53' title='bbox 1166 1103 1305 1158; x_wconf 83' lang='lat' dir='ltr'>veterum</span> 
     </span>
     <span class='ocr_line' id='line_1_10' title="bbox 386 1181 1306 1269; baseline -0.011 -18"><span class='ocrx_word' id='word_1_54' title='bbox 386 1195 546 1269; x_wconf 86' lang='lat' dir='ltr'>poetarum</span> <span class='ocrx_word' id='word_1_55' title='bbox 568 1188 739 1268; x_wconf 83' lang='lat' dir='ltr'>iragmente</span> <span class='ocrx_word' id='word_1_56' title='bbox 761 1193 792 1249; x_wconf 91' lang='lat' dir='ltr'>et</span> <span class='ocrx_word' id='word_1_57' title='bbox 812 1190 1030 1268; x_wconf 86' lang='lat' dir='ltr'>plagiariorum</span> <span class='ocrx_word' id='word_1_58' title='bbox 1054 1181 1199 1260; x_wconf 76' lang='lat' dir='ltr'>syllabus</span> <span class='ocrx_word' id='word_1_59' title='bbox 1233 1185 1306 1244; x_wconf 85' lang='lat' dir='ltr'>Am-</span> 
     </span>
     <span class='ocr_line' id='line_1_11' title="bbox 387 1267 1305 1351; baseline -0.011 -15"><span class='ocrx_word' id='word_1_60' title='bbox 387 1275 546 1336; x_wconf 85' lang='lat' dir='ltr'>stelodami</span> <span class='ocrx_word' id='word_1_61' title='bbox 580 1271 672 1336; x_wconf 77' lang='lat' dir='ltr'>leae.</span> <span class='ocrx_word' id='word_1_62' title='bbox 708 1275 816 1334; x_wconf 78' lang='lat'><strong>12.—·</strong></span> <span class='ocrx_word' id='word_1_63' title='bbox 848 1276 900 1351; x_wconf 84' lang='lat' dir='ltr'>qui</span> <span class='ocrx_word' id='word_1_64' title='bbox 933 1273 1006 1331; x_wconf 85' lang='lat' dir='ltr'>nihil</span> <span class='ocrx_word' id='word_1_65' title='bbox 1039 1271 1078 1330; x_wconf 86' lang='lat' dir='ltr'>ad</span> <span class='ocrx_word' id='word_1_66' title='bbox 1108 1267 1211 1330; x_wconf 79' lang='lat' dir='ltr'>Naevii</span> <span class='ocrx_word' id='word_1_67' title='bbox 1244 1269 1305 1328; x_wconf 81' lang='lat' dir='ltr'>ire·</span> 
     </span>
     <span class='ocr_line' id='line_1_12' title="bbox 389 1351 1305 1442; baseline -0.008 -22"><span class='ocrx_word' id='word_1_68' title='bbox 389 1370 510 1442; x_wconf 85' lang='lat' dir='ltr'>gmenta</span> <span class='ocrx_word' id='word_1_69' title='bbox 532 1363 586 1418; x_wconf 86' lang='lat' dir='ltr'>out</span> <span class='ocrx_word' id='word_1_70' title='bbox 608 1357 782 1440; x_wconf 78' lang='lat' dir='ltr'>colligenda</span> <span class='ocrx_word' id='word_1_71' title='bbox 802 1363 857 1425; x_wconf 86' lang='lat' dir='ltr'>aut</span> <span class='ocrx_word' id='word_1_72' title='bbox 880 1357 1070 1420; x_wconf 67' lang='lat' dir='ltr'>emendenda</span> <span class='ocrx_word' id='word_1_73' title='bbox 1091 1355 1202 1418; x_wconf 85' lang='lat' dir='ltr'>attulit.</span> <span class='ocrx_word' id='word_1_74' title='bbox 1247 1351 1305 1413; x_wconf 76' lang='lat' dir='ltr'>(le-</span> 
     </span>
     <span class='ocr_line' id='line_1_13' title="bbox 273 1444 1308 1521; baseline -0.01 -13"><span class='ocrx_word' id='word_1_75' title='bbox 273 1507 276 1514; x_wconf 70' lang='lat'><em>,</em></span> <span class='ocrx_word' id='word_1_76' title='bbox 389 1454 488 1507; x_wconf 90' lang='lat' dir='ltr'>terum</span> <span class='ocrx_word' id='word_1_77' title='bbox 503 1447 585 1504; x_wconf 84' lang='lat' dir='ltr'>hunc</span> <span class='ocrx_word' id='word_1_78' title='bbox 601 1444 739 1506; x_wconf 91' lang='lat' dir='ltr'>libellum</span> <span class='ocrx_word' id='word_1_79' title='bbox 754 1447 903 1508; x_wconf 77' lang='lat' dir='ltr'>Clementi</span> <span class='ocrx_word' id='word_1_80' title='bbox 918 1445 948 1521; x_wconf 82' lang='lat'>¹)</span> <span class='ocrx_word' id='word_1_81' title='bbox 970 1445 1061 1506; x_wconf 80' lang='lat' dir='ltr'>vocet</span> <span class='ocrx_word' id='word_1_82' title='bbox 1073 1463 1137 1520; x_wconf 78' lang='lat' dir='ltr'>pec</span> <span class='ocrx_word' id='word_1_83' title='bbox 1156 1459 1308 1502; x_wconf 75' lang='lat' dir='ltr'>commun.</span> 
     </span>
    </p>
   </div>
   <div class='ocr_carea' id='block_1_6' title="bbox 261 1562 1310 1898">
    <p class='ocr_par' dir='ltr' id='par_1_6' title="bbox 261 1562 1310 1898">
     <span class='ocr_line' id='line_1_14' title="bbox 261 1562 1308 1646; baseline -0.013 -12"><span class='ocrx_word' id='word_1_84' title='bbox 261 1567 392 1645; x_wconf 72' lang='lat' dir='ltr'>Godosr.</span> <span class='ocrx_word' id='word_1_85' title='bbox 415 1568 617 1646; x_wconf 67' lang='lat' dir='ltr'>Hermoneia</span> <span class='ocrx_word' id='word_1_86' title='bbox 644 1566 675 1625; x_wconf 84' lang='lat' dir='ltr'>in</span> <span class='ocrx_word' id='word_1_87' title='bbox 697 1566 866 1634; x_wconf 75' lang='lat' dir='ltr'>Elemeetis</span> <span class='ocrx_word' id='word_1_88' title='bbox 889 1564 1046 1630; x_wconf 64' lang='lat' dir='ltr'>mesinae</span> <span class='ocrx_word' id='word_1_89' title='bbox 1071 1562 1217 1624; x_wconf 80' lang='lat' dir='ltr'>metricae</span> <span class='ocrx_word' id='word_1_90' title='bbox 1236 1578 1308 1640; x_wconf 74' lang='lat' dir='ltr'>pag.</span> 
     </span>
     <span class='ocr_line' id='line_1_15' title="bbox 389 1647 1310 1728; baseline -0.007 -18"><span class='ocrx_word' id='word_1_91' title='bbox 389 1650 473 1724; x_wconf 62' lang='lat'>6292</span> <span class='ocrx_word' id='word_1_92' title='bbox 499 1650 588 1727; x_wconf 85' lang='lat' dir='ltr'>eujus</span> <span class='ocrx_word' id='word_1_93' title='bbox 618 1650 681 1717; x_wconf 81' lang='lat' dir='ltr'>viri</span> <span class='ocrx_word' id='word_1_94' title='bbox 706 1669 826 1722; x_wconf 72' lang='lat' dir='ltr'>summe</span> <span class='ocrx_word' id='word_1_95' title='bbox 853 1649 984 1718; x_wconf 73' lang='lat' dir='ltr'>senile</span> <span class='ocrx_word' id='word_1_96' title='bbox 1006 1647 1109 1708; x_wconf 75' lang='lat' dir='ltr'>Naevii</span> <span class='ocrx_word' id='word_1_97' title='bbox 1130 1647 1310 1728; x_wconf 70' lang='lat' dir='ltr'>fragmentis</span> 
     </span>
     <span class='ocr_line' id='line_1_16' title="bbox 387 1733 1307 1808; baseline -0.007 -12"><span class='ocrx_word' id='word_1_98' title='bbox 387 1738 506 1802; x_wconf 83' lang='lat' dir='ltr'>merita.¹</span> <span class='ocrx_word' id='word_1_99' title='bbox 548 1733 587 1794; x_wconf 84' lang='lat' dir='ltr'>Id</span> <span class='ocrx_word' id='word_1_100' title='bbox 607 1739 731 1804; x_wconf 73' lang='lat' dir='ltr'>tentum</span> <span class='ocrx_word' id='word_1_101' title='bbox 748 1735 914 1800; x_wconf 67' lang='lat' dir='ltr'>dolendum</span> <span class='ocrx_word' id='word_1_102' title='bbox 935 1737 992 1808; x_wconf 74' lang='lat' dir='ltr'>ast,</span> <span class='ocrx_word' id='word_1_103' title='bbox 1013 1735 1307 1796; x_wconf 67' lang='lat' dir='ltr'>Hermaeum-</span> 
     </span>
     <span class='ocr_line' id='line_1_17' title="bbox 390 1819 1197 1898; baseline -0.006 -18"><span class='ocrx_word' id='word_1_104' title='bbox 390 1823 502 1881; x_wconf 88' lang='lat' dir='ltr'>tricum</span> <span class='ocrx_word' id='word_1_105' title='bbox 524 1821 633 1896; x_wconf 89' lang='lat' dir='ltr'>solum,</span> <span class='ocrx_word' id='word_1_106' title='bbox 655 1841 718 1880; x_wconf 90' lang='lat' dir='ltr'>nou</span> <span class='ocrx_word' id='word_1_107' title='bbox 740 1823 939 1898; x_wconf 78' lang='lat' dir='ltr'>interpretem</span> <span class='ocrx_word' id='word_1_108' title='bbox 961 1839 994 1879; x_wconf 89' lang='lat' dir='ltr'>se</span> <span class='ocrx_word' id='word_1_109' title='bbox 1017 1819 1197 1885; x_wconf 78' lang='lat' dir='ltr'>exhibuisse.</span> 
     </span>
    </p>
   </div>
   <div class='ocr_carea' id='block_1_7' title="bbox 262 1937 1311 2191">
    <p class='ocr_par' dir='ltr' id='par_1_7' title="bbox 262 1937 1311 2191">
     <span class='ocr_line' id='line_1_18' title="bbox 262 1937 1310 2018; baseline -0.014 -11"><span class='ocrx_word' id='word_1_110' title='bbox 262 1947 291 2012; x_wconf 85' lang='grc' dir='ltr'>Ι.</span> <span class='ocrx_word' id='word_1_111' title='bbox 315 1945 358 2007; x_wconf 65' lang='lat'>11·</span> <span class='ocrx_word' id='word_1_112' title='bbox 380 1941 509 2007; x_wconf 71' lang='lat' dir='ltr'>soem.-</span> <span class='ocrx_word' id='word_1_113' title='bbox 538 1944 700 2018; x_wconf 69' lang='lat' dir='ltr'>poetaram</span> <span class='ocrx_word' id='word_1_114' title='bbox 727 1937 809 2006; x_wconf 75' lang='lat' dir='ltr'>Latii</span> <span class='ocrx_word' id='word_1_115' title='bbox 830 1941 1026 2002; x_wconf 68' lang='lat' dir='ltr'>scenicorum</span> <span class='ocrx_word' id='word_1_116' title='bbox 1043 1937 1232 2016; x_wconf 72' lang='lat' dir='ltr'>languente,</span> <span class='ocrx_word' id='word_1_117' title='bbox 1255 1945 1310 2006; x_wconf 57' lang='grc' dir='ltr'>νος</span> 
     </span>
     <span class='ocr_line' id='line_1_19' title="bbox 389 2023 1311 2102; baseline -0.001 -17"><span class='ocrx_word' id='word_1_118' title='bbox 389 2027 493 2085; x_wconf 89' lang='lat' dir='ltr'>lumen</span> <span class='ocrx_word' id='word_1_119' title='bbox 524 2029 662 2102; x_wconf 88' lang='lat' dir='ltr'>quintum</span> <span class='ocrx_word' id='word_1_120' title='bbox 692 2031 723 2084; x_wconf 88' lang='lat' dir='ltr'>et</span> <span class='ocrx_word' id='word_1_121' title='bbox 763 2029 879 2086; x_wconf 85' lang='lat' dir='ltr'>sextum</span> <span class='ocrx_word' id='word_1_122' title='bbox 912 2026 1079 2086; x_wconf 85' lang='lat' dir='ltr'>Poetarum</span> <span class='ocrx_word' id='word_1_123' title='bbox 1111 2023 1311 2086; x_wconf 72' lang='lat' dir='ltr'>Scemcorou</span> 
     </span>
     <span class='ocr_line' id='line_1_20' title="bbox 386 2103 1311 2191; baseline -0.009 -19"><span class='ocrx_word' id='word_1_124' title='bbox 386 2113 573 2172; x_wconf 86' lang='lat' dir='ltr'>Latinorum.</span> <span class='ocrx_word' id='word_1_125' title='bbox 609 2113 727 2191; x_wconf 83' lang='lat' dir='ltr'>Lipsiae</span> <span class='ocrx_word' id='word_1_126' title='bbox 746 2110 865 2186; x_wconf 74' lang='grc'><strong>1831,</strong></span> <span class='ocrx_word' id='word_1_127' title='bbox 895 2111 945 2184; x_wconf 82' lang='lat' dir='ltr'>vel</span> <span class='ocrx_word' id='word_1_128' title='bbox 966 2111 1073 2190; x_wconf 82' lang='lat' dir='ltr'>potius</span> <span class='ocrx_word' id='word_1_129' title='bbox 1102 2103 1311 2168; x_wconf 84' lang='lat' dir='ltr'>Halherstedii</span> 
     </span>
    </p>
   </div>
   <div class='ocr_carea' id='block_1_8' title="bbox 391 2194 1422 2362">
    <p class='ocr_par' dir='ltr' id='par_1_8' title="bbox 391 2194 1422 2362">
     <span class='ocr_line' id='line_1_21' title="bbox 393 2194 1422 2276; baseline -0.011 -20"><span class='ocrx_word' id='word_1_130' title='bbox 393 2195 478 2256; x_wconf 74' lang='lat'><strong>1823</strong></span> <span class='ocrx_word' id='word_1_131' title='bbox 509 2197 596 2276; x_wconf 81' lang='lat' dir='ltr'>(nem</span> <span class='ocrx_word' id='word_1_132' title='bbox 627 2198 722 2255; x_wconf 91' lang='lat' dir='ltr'>totius</span> <span class='ocrx_word' id='word_1_133' title='bbox 754 2196 833 2274; x_wconf 62' lang='lat' dir='ltr'>libriv</span> <span class='ocrx_word' id='word_1_134' title='bbox 856 2197 1014 2274; x_wconf 77' lang='lat' dir='ltr'>inscriptio</span> <span class='ocrx_word' id='word_1_135' title='bbox 1045 2195 1163 2252; x_wconf 86' lang='lat' dir='ltr'>tantum</span> <span class='ocrx_word' id='word_1_136' title='bbox 1194 2194 1311 2250; x_wconf 78' lang='lat' dir='ltr'>mutata</span> <span class='ocrx_word' id='word_1_137' title='bbox 1421 2231 1422 2236; x_wconf 34' lang='lat'>1</span> 
     </span>
     <span class='ocr_line' id='line_1_22' title="bbox 391 2273 1422 2362; baseline -0.015 -21"><span class='ocrx_word' id='word_1_138' title='bbox 391 2279 464 2360; x_wconf 88' lang='lat' dir='ltr'>est).</span> <span class='ocrx_word' id='word_1_139' title='bbox 501 2281 538 2348; x_wconf 78' lang='lat' dir='ltr'>sn·</span> <span class='ocrx_word' id='word_1_140' title='bbox 554 2283 680 2348; x_wconf 86' lang='lat' dir='ltr'>incertis</span> <span class='ocrx_word' id='word_1_141' title='bbox 702 2281 927 2360; x_wconf 73' lang='lat' dir='ltr'>tragoeffiarum</span> <span class='ocrx_word' id='word_1_142' title='bbox 942 2279 974 2362; x_wconf 59' lang='grc' dir='ltr'>Ω)</span> <span class='ocrx_word' id='word_1_143' title='bbox 992 2284 1023 2340; x_wconf 91' lang='lat' dir='ltr'>et</span> <span class='ocrx_word' id='word_1_144' title='bbox 1040 2274 1265 2338; x_wconf 77' lang='lat' dir='ltr'>comoediarum</span> <span class='ocrx_word' id='word_1_145' title='bbox 1278 2273 1311 2354; x_wconf 76' lang='lat'>⁸)</span> <span class='ocrx_word' id='word_1_146' title='bbox 1421 2275 1422 2326; x_wconf 58' lang='grc' dir='ltr'>ὲ</span> 
     </span>
    </p>
   </div>
   <div class='ocr_carea' id='block_1_9' title="bbox 264 2363 1313 3058">
    <p class='ocr_par' dir='ltr' id='par_1_9' title="bbox 388 2363 1311 2598">
     <span class='ocr_line' id='line_1_23' title="bbox 390 2363 1310 2455; baseline -0.005 -30"><span class='ocrx_word' id='word_1_147' title='bbox 390 2367 569 2455; x_wconf 71' lang='lat' dir='ltr'>fragmentis</span> <span class='ocrx_word' id='word_1_148' title='bbox 599 2367 695 2429; x_wconf 89' lang='lat' dir='ltr'>multa</span> <span class='ocrx_word' id='word_1_149' title='bbox 717 2367 818 2442; x_wconf 83' lang='lat' dir='ltr'>habet,</span> <span class='ocrx_word' id='word_1_150' title='bbox 850 2386 927 2450; x_wconf 87' lang='lat' dir='ltr'>quae</span> <span class='ocrx_word' id='word_1_151' title='bbox 953 2366 992 2426; x_wconf 87' lang='lat' dir='ltr'>ad</span> <span class='ocrx_word' id='word_1_152' title='bbox 1020 2363 1135 2424; x_wconf 83' lang='lat' dir='ltr'>bellum</span> <span class='ocrx_word' id='word_1_153' title='bbox 1158 2363 1310 2422; x_wconf 86' lang='lat' dir='ltr'>Punicum</span> 
     </span>
     <span class='ocr_line' id='line_1_24' title="bbox 389 2449 1311 2536; baseline -0.003 -25"><span class='ocrx_word' id='word_1_154' title='bbox 389 2453 554 2530; x_wconf 77' lang='lat' dir='ltr'>pertinent.</span> <span class='ocrx_word' id='word_1_155' title='bbox 597 2453 665 2514; x_wconf 82' lang='lat' dir='ltr'>Non</span> <span class='ocrx_word' id='word_1_156' title='bbox 686 2467 787 2536; x_wconf 84' lang='lat' dir='ltr'>pauca</span> <span class='ocrx_word' id='word_1_157' title='bbox 810 2458 882 2514; x_wconf 86' lang='lat' dir='ltr'>suut</span> <span class='ocrx_word' id='word_1_158' title='bbox 908 2453 938 2512; x_wconf 91' lang='lat' dir='ltr'>in</span> <span class='ocrx_word' id='word_1_159' title='bbox 968 2453 1027 2512; x_wconf 83' lang='lat' dir='ltr'>hoe</span> <span class='ocrx_word' id='word_1_160' title='bbox 1056 2451 1134 2510; x_wconf 91' lang='lat' dir='ltr'>libro</span> <span class='ocrx_word' id='word_1_161' title='bbox 1156 2449 1311 2509; x_wconf 69' lang='lat' dir='ltr'>temer-its·</span> 
     </span>
     <span class='ocr_line' id='line_1_25' title="bbox 388 2538 630 2598; baseline 0.008 -3"><span class='ocrx_word' id='word_1_162' title='bbox 388 2540 429 2596; x_wconf 90' lang='lat' dir='ltr'>tis</span> <span class='ocrx_word' id='word_1_163' title='bbox 451 2538 573 2598; x_wconf 84' lang='lat' dir='ltr'>indicia.</span> <span class='ocrx_word' id='word_1_164' title='bbox 626 2558 630 2570; x_wconf 81' lang='grc'>’</span> 
     </span>
    </p>

    <p class='ocr_par' dir='ltr' id='par_1_10' title="bbox 264 2631 1313 3058">
     <span class='ocr_line' id='line_1_26' title="bbox 264 2631 1311 2719; baseline -0.009 -17"><span class='ocrx_word' id='word_1_165' title='bbox 264 2643 304 2702; x_wconf 81' lang='grc' dir='ltr'>Ε.</span> <span class='ocrx_word' id='word_1_166' title='bbox 322 2641 357 2704; x_wconf 80' lang='lat' dir='ltr'>S.</span> <span class='ocrx_word' id='word_1_167' title='bbox 381 2637 524 2719; x_wconf 81' lang='lat' dir='ltr'>(Esaias</span> <span class='ocrx_word' id='word_1_168' title='bbox 539 2635 808 2719; x_wconf 64' lang='lat' dir='ltr'>Spanpeneeffl:</span> <span class='ocrx_word' id='word_1_169' title='bbox 831 2641 937 2716; x_wconf 62' lang='lat' dir='ltr'>Quinti,</span> <span class='ocrx_word' id='word_1_170' title='bbox 956 2631 1054 2700; x_wconf 82' lang='lat' dir='ltr'>Ennii.</span> <span class='ocrx_word' id='word_1_171' title='bbox 1071 2637 1226 2700; x_wconf 81' lang='lat' dir='ltr'>annalium</span> <span class='ocrx_word' id='word_1_172' title='bbox 1247 2635 1311 2694; x_wconf 81' lang='lat' dir='ltr'>ire-</span> 
     </span>
     <span class='ocr_line' id='line_1_27' title="bbox 390 2719 1311 2804; baseline -0.005 -21"><span class='ocrx_word' id='word_1_173' title='bbox 390 2727 537 2804; x_wconf 79' lang='lat' dir='ltr'>gmenta3</span> <span class='ocrx_word' id='word_1_174' title='bbox 569 2725 722 2784; x_wconf 85' lang='lat' dir='ltr'>accedunt</span> <span class='ocrx_word' id='word_1_175' title='bbox 750 2726 806 2784; x_wconf 83' lang='lat' dir='ltr'>Gn.</span> <span class='ocrx_word' id='word_1_176' title='bbox 838 2723 942 2787; x_wconf 82' lang='lat' dir='ltr'>Naevii</span> <span class='ocrx_word' id='word_1_177' title='bbox 979 2725 1127 2783; x_wconf 87' lang='lat' dir='ltr'>librorum</span> <span class='ocrx_word' id='word_1_178' title='bbox 1160 2723 1198 2782; x_wconf 79' lang='lat' dir='ltr'>de</span> <span class='ocrx_word' id='word_1_179' title='bbox 1228 2719 1311 2780; x_wconf 92' lang='lat' dir='ltr'>bello</span> 
     </span>
     <span class='ocr_line' id='line_1_28' title="bbox 389 2809 1313 2891; baseline -0.006 -21"><span class='ocrx_word' id='word_1_180' title='bbox 389 2811 509 2870; x_wconf 85' lang='lat' dir='ltr'>Punico</span> <span class='ocrx_word' id='word_1_181' title='bbox 531 2809 713 2888; x_wconf 80' lang='lat' dir='ltr'>fragmenta.</span> <span class='ocrx_word' id='word_1_182' title='bbox 734 2811 856 2891; x_wconf 79' lang='lat' dir='ltr'>Lipsiae</span> <span class='ocrx_word' id='word_1_183' title='bbox 871 2810 963 2870; x_wconf 79' lang='lat'><strong>1825.</strong></span> <span class='ocrx_word' id='word_1_184' title='bbox 975 2810 1005 2869; x_wconf 89' lang='lat'>8.</span> <span class='ocrx_word' id='word_1_185' title='bbox 1033 2810 1217 2890; x_wconf 85' lang='lat' dir='ltr'>Fragmenta</span> <span class='ocrx_word' id='word_1_186' title='bbox 1234 2825 1313 2866; x_wconf 62' lang='lat' dir='ltr'>noua</span> 
     </span>
     <span class='ocr_line' id='line_1_29' title="bbox 391 2895 1313 2973; baseline -0.003 -19"><span class='ocrx_word' id='word_1_187' title='bbox 391 2913 548 2970; x_wconf 85' lang='lat' dir='ltr'>nunquam</span> <span class='ocrx_word' id='word_1_188' title='bbox 583 2895 716 2956; x_wconf 76' lang='lat' dir='ltr'>feliciter</span> <span class='ocrx_word' id='word_1_189' title='bbox 752 2898 913 2973; x_wconf 80' lang='lat' dir='ltr'>explicuit,</span> <span class='ocrx_word' id='word_1_190' title='bbox 950 2898 981 2955; x_wconf 84' lang='lat' dir='ltr'>ia</span> <span class='ocrx_word' id='word_1_191' title='bbox 1020 2895 1175 2973; x_wconf 86' lang='lat' dir='ltr'>plerisque</span> <span class='ocrx_word' id='word_1_192' title='bbox 1210 2896 1313 2952; x_wconf 86' lang='lat' dir='ltr'>tamen</span> 
     </span>
     <span class='ocr_line' id='line_1_30' title="bbox 390 2979 1072 3058; baseline 0.006 -21"><span class='ocrx_word' id='word_1_193' title='bbox 390 2979 483 3038; x_wconf 87' lang='lat' dir='ltr'>rebus</span> <span class='ocrx_word' id='word_1_194' title='bbox 506 2979 643 3038; x_wconf 83' lang='lat' dir='ltr'>Merulae</span> <span class='ocrx_word' id='word_1_195' title='bbox 666 2982 850 3058; x_wconf 79' lang='lat' dir='ltr'>mancipium</span> <span class='ocrx_word' id='word_1_196' title='bbox 873 2983 933 3040; x_wconf 84' lang='lat' dir='ltr'>(lici</span> <span class='ocrx_word' id='word_1_197' title='bbox 955 2983 1072 3058; x_wconf 87' lang='lat' dir='ltr'>potest.</span> 
     </span>
    </p>
   </div>
   <div class='ocr_carea' id='block_1_10' title="bbox 263 3083 1421 3937">
    <p class='ocr_par' dir='ltr' id='par_1_11' title="bbox 263 3083 1421 3348">
     <span class='ocr_line' id='line_1_31' title="bbox 263 3083 1421 3168; baseline -0.005 -16"><span class='ocrx_word' id='word_1_198' title='bbox 263 3089 306 3152; x_wconf 78' lang='grc' dir='ltr'>Η.</span> <span class='ocrx_word' id='word_1_199' title='bbox 330 3091 493 3156; x_wconf 81' lang='lat' dir='ltr'>Duentzer</span> <span class='ocrx_word' id='word_1_200' title='bbox 514 3097 546 3148; x_wconf 80' lang='lat' dir='ltr'>el</span> <span class='ocrx_word' id='word_1_201' title='bbox 566 3089 708 3150; x_wconf 69' lang='lat' dir='ltr'>berech:</span> <span class='ocrx_word' id='word_1_202' title='bbox 734 3091 771 3150; x_wconf 81' lang='lat' dir='ltr'>(le</span> <span class='ocrx_word' id='word_1_203' title='bbox 794 3097 885 3150; x_wconf 83' lang='lat' dir='ltr'>versu</span> <span class='ocrx_word' id='word_1_204' title='bbox 910 3111 1000 3168; x_wconf 84' lang='lat' dir='ltr'>quem</span> <span class='ocrx_word' id='word_1_205' title='bbox 1021 3094 1133 3150; x_wconf 86' lang='lat' dir='ltr'>vocant</span> <span class='ocrx_word' id='word_1_206' title='bbox 1156 3089 1310 3150; x_wconf 79' lang='lat' dir='ltr'>Saturnio.</span> <span class='ocrx_word' id='word_1_207' title='bbox 1420 3083 1421 3094; x_wconf 52' lang='lat'>¹</span> 
     </span>
     <span class='ocr_line' id='line_1_32' title="bbox 390 3171 1313 3256; baseline -0.004 -20"><span class='ocrx_word' id='word_1_208' title='bbox 390 3175 518 3236; x_wconf 88' lang='lat' dir='ltr'>Bonnae</span> <span class='ocrx_word' id='word_1_209' title='bbox 529 3171 621 3234; x_wconf 81' lang='lat'><strong>1839.</strong></span> <span class='ocrx_word' id='word_1_210' title='bbox 631 3175 660 3234; x_wconf 90' lang='grc'>8.</span> <span class='ocrx_word' id='word_1_211' title='bbox 684 3175 803 3235; x_wconf 89' lang='lat' dir='ltr'>Horum</span> <span class='ocrx_word' id='word_1_212' title='bbox 812 3177 945 3236; x_wconf 80' lang='lat' dir='ltr'>virorum</span> <span class='ocrx_word' id='word_1_213' title='bbox 954 3179 1042 3256; x_wconf 83' lang='lat' dir='ltr'>prior¹</span> <span class='ocrx_word' id='word_1_214' title='bbox 1053 3176 1261 3253; x_wconf 86' lang='lat' dir='ltr'>conjecturem</span> <span class='ocrx_word' id='word_1_215' title='bbox 1274 3173 1313 3233; x_wconf 84' lang='lat' dir='ltr'>de</span> 
     </span>
     <span class='ocr_line' id='line_1_33' title="bbox 391 3260 1313 3348; baseline -0.007 -24"><span class='ocrx_word' id='word_1_216' title='bbox 391 3263 459 3338; x_wconf 84' lang='lat' dir='ltr'>ipso</span> <span class='ocrx_word' id='word_1_217' title='bbox 481 3277 573 3319; x_wconf 81' lang='lat' dir='ltr'>versu</span> <span class='ocrx_word' id='word_1_218' title='bbox 595 3262 739 3322; x_wconf 86' lang='lat' dir='ltr'>Saturnio</span> <span class='ocrx_word' id='word_1_219' title='bbox 762 3281 847 3322; x_wconf 90' lang='lat' dir='ltr'>suam</span> <span class='ocrx_word' id='word_1_220' title='bbox 869 3260 1038 3348; x_wconf 81' lang='lat' dir='ltr'>praemisit,</span> <span class='ocrx_word' id='word_1_221' title='bbox 1058 3262 1214 3339; x_wconf 78' lang='lat' dir='ltr'>posterior</span> <span class='ocrx_word' id='word_1_222' title='bbox 1228 3261 1313 3340; x_wconf 83' lang='lat' dir='ltr'>frag-</span> 
     </span>
    </p>

    <p class='ocr_par' dir='ltr' id='par_1_12' title="bbox 288 3340 1312 3426">
     <span class='ocr_line' id='line_1_34' title="bbox 288 3340 1312 3426; baseline 0 -22"><span class='ocrx_word' id='word_1_223' title='bbox 288 3352 292 3361; x_wconf 91' lang='grc'><strong>“</strong></span> <span class='ocrx_word' id='word_1_224' title='bbox 383 3349 494 3426; x_wconf 84' lang='lat' dir='ltr'>¹menta</span> <span class='ocrx_word' id='word_1_225' title='bbox 503 3340 658 3420; x_wconf 82' lang='lat' dir='ltr'>Odysseae</span> <span class='ocrx_word' id='word_1_226' title='bbox 674 3346 816 3408; x_wconf 78' lang='lat' dir='ltr'>Liuianae</span> <span class='ocrx_word' id='word_1_227' title='bbox 834 3353 865 3408; x_wconf 89' lang='lat' dir='ltr'>et</span> <span class='ocrx_word' id='word_1_228' title='bbox 876 3347 948 3410; x_wconf 89' lang='lat' dir='ltr'>belli</span> <span class='ocrx_word' id='word_1_229' title='bbox 963 3347 1073 3411; x_wconf 89' lang='lat' dir='ltr'>Punici</span> <span class='ocrx_word' id='word_1_230' title='bbox 1090 3345 1233 3410; x_wconf 81' lang='lat' dir='ltr'>Naeviani</span> <span class='ocrx_word' id='word_1_231' title='bbox 1249 3346 1312 3405; x_wconf 90' lang='lat' dir='ltr'>col-</span> 
     </span>
    </p>

    <p class='ocr_par' dir='ltr' id='par_1_13' title="bbox 390 3425 1312 3512">
     <span class='ocr_line' id='line_1_35' title="bbox 390 3425 1312 3512; baseline 0 -22"><span class='ocrx_word' id='word_1_232' title='bbox 390 3431 468 3510; x_wconf 84' lang='lat' dir='ltr'>legit</span> <span class='ocrx_word' id='word_1_233' title='bbox 484 3431 516 3490; x_wconf 86' lang='lat' dir='ltr'>et</span> <span class='ocrx_word' id='word_1_234' title='bbox 531 3429 570 3489; x_wconf 82' lang='lat' dir='ltr'>ed</span> <span class='ocrx_word' id='word_1_235' title='bbox 585 3425 684 3510; x_wconf 85' lang='lat' dir='ltr'>legem</span> <span class='ocrx_word' id='word_1_236' title='bbox 701 3452 719 3492; x_wconf 88' lang='lat' dir='ltr'>a</span> <span class='ocrx_word' id='word_1_237' title='bbox 735 3454 768 3494; x_wconf 88' lang='lat' dir='ltr'>se</span> <span class='ocrx_word' id='word_1_238' title='bbox 791 3437 936 3512; x_wconf 84' lang='lat' dir='ltr'>socioque</span> <span class='ocrx_word' id='word_1_239' title='bbox 961 3435 1160 3512; x_wconf 84' lang='lat' dir='ltr'>excogitatam</span> <span class='ocrx_word' id='word_1_240' title='bbox 1182 3431 1312 3491; x_wconf 81' lang='lat' dir='ltr'>ridiculo</span> 
     </span>
    </p>

    <p class='ocr_par' dir='ltr' id='par_1_14' title="bbox 358 3515 1313 3598">
     <span class='ocr_line' id='line_1_36' title="bbox 358 3515 1313 3598; baseline 0 -24"><span class='ocrx_word' id='word_1_241' title='bbox 358 3533 361 3538; x_wconf 88' lang='lat'>·</span> <span class='ocrx_word' id='word_1_242' title='bbox 391 3515 525 3594; x_wconf 82' lang='lat' dir='ltr'>quodam</span> <span class='ocrx_word' id='word_1_243' title='bbox 546 3517 636 3575; x_wconf 85' lang='lat' dir='ltr'>modo</span> <span class='ocrx_word' id='word_1_244' title='bbox 659 3539 697 3578; x_wconf 89' lang='lat' dir='ltr'>ne</span> <span class='ocrx_word' id='word_1_245' title='bbox 720 3520 819 3580; x_wconf 87' lang='lat' dir='ltr'>dicam</span> <span class='ocrx_word' id='word_1_246' title='bbox 840 3522 871 3579; x_wconf 90' lang='lat' dir='ltr'>in</span> <span class='ocrx_word' id='word_1_247' title='bbox 893 3535 1000 3580; x_wconf 76' lang='lat' dir='ltr'>sersus</span> <span class='ocrx_word' id='word_1_248' title='bbox 1023 3521 1142 3598; x_wconf 84' lang='lat' dir='ltr'>coegit,</span> <span class='ocrx_word' id='word_1_249' title='bbox 1168 3517 1223 3578; x_wconf 87' lang='lat' dir='ltr'>sed</span> <span class='ocrx_word' id='word_1_250' title='bbox 1244 3515 1313 3575; x_wconf 86' lang='lat' dir='ltr'>icti-</span> 
     </span>
    </p>

    <p class='ocr_par' dir='ltr' id='par_1_15' title="bbox 390 3601 1313 3686">
     <span class='ocr_line' id='line_1_37' title="bbox 390 3601 1313 3686; baseline 0.002 -26"><span class='ocrx_word' id='word_1_251' title='bbox 390 3601 450 3682; x_wconf 84' lang='lat' dir='ltr'>bus</span> <span class='ocrx_word' id='word_1_252' title='bbox 473 3603 727 3681; x_wconf 77' lang='lat' dir='ltr'>superimpositis,</span> <span class='ocrx_word' id='word_1_253' title='bbox 751 3606 886 3681; x_wconf 82' lang='lat' dir='ltr'>syllabas</span> <span class='ocrx_word' id='word_1_254' title='bbox 915 3607 1134 3686; x_wconf 32' lang='lat' dir='ltr'>tantumpnou</span> <span class='ocrx_word' id='word_1_255' title='bbox 1158 3604 1313 3684; x_wconf 85' lang='lat' dir='ltr'>quantita·</span> 
     </span>
    </p>

    <p class='ocr_par' dir='ltr' id='par_1_16' title="bbox 391 3683 1313 3767">
     <span class='ocr_line' id='line_1_38' title="bbox 391 3683 1313 3767; baseline 0 -21"><span class='ocrx_word' id='word_1_256' title='bbox 391 3691 454 3746; x_wconf 89' lang='lat' dir='ltr'>tem</span> <span class='ocrx_word' id='word_1_257' title='bbox 480 3705 655 3764; x_wconf 88' lang='lat' dir='ltr'>numerans,</span> <span class='ocrx_word' id='word_1_258' title='bbox 685 3709 797 3751; x_wconf 82' lang='lat' dir='ltr'>norum</span> <span class='ocrx_word' id='word_1_259' title='bbox 826 3691 897 3750; x_wconf 85' lang='lat' dir='ltr'>inde</span> <span class='ocrx_word' id='word_1_260' title='bbox 929 3683 1152 3767; x_wconf 75' lang='lat' dir='ltr'>quodammode</span> <span class='ocrx_word' id='word_1_261' title='bbox 1181 3691 1313 3752; x_wconf 85' lang='lat' dir='ltr'>metrum</span> 
     </span>
    </p>

    <p class='ocr_par' dir='ltr' id='par_1_17' title="bbox 390 3771 1313 3937">
     <span class='ocr_line' id='line_1_39' title="bbox 392 3771 1313 3858; baseline 0.001 -27"><span class='ocrx_word' id='word_1_262' title='bbox 392 3773 574 3850; x_wconf 86' lang='lat' dir='ltr'>composuit.</span> <span class='ocrx_word' id='word_1_263' title='bbox 619 3773 762 3836; x_wconf 79' lang='lat' dir='ltr'>Ceterum</span> <span class='ocrx_word' id='word_1_264' title='bbox 784 3771 822 3836; x_wconf 84' lang='lat' dir='ltr'>de</span> <span class='ocrx_word' id='word_1_265' title='bbox 855 3776 1002 3858; x_wconf 81' lang='lat' dir='ltr'>augendis</span> <span class='ocrx_word' id='word_1_266' title='bbox 1031 3775 1159 3857; x_wconf 83' lang='lat' dir='ltr'>parum,</span> <span class='ocrx_word' id='word_1_267' title='bbox 1191 3774 1229 3834; x_wconf 88' lang='lat' dir='ltr'>de</span> <span class='ocrx_word' id='word_1_268' title='bbox 1260 3793 1313 3854; x_wconf 66' lang='lat' dir='ltr'>en-</span> 
     </span>
     <span class='ocr_line' id='line_1_40' title="bbox 390 3852 1269 3937; baseline 0.006 -19"><span class='ocrx_word' id='word_1_269' title='bbox 390 3858 541 3936; x_wconf 79' lang='lat' dir='ltr'>plicandis</span> <span class='ocrx_word' id='word_1_270' title='bbox 564 3858 706 3937; x_wconf 69' lang='lat' dir='ltr'>reliquiis</span> <span class='ocrx_word' id='word_1_271' title='bbox 723 3877 787 3920; x_wconf 80' lang='lat' dir='ltr'>nou</span> <span class='ocrx_word' id='word_1_272' title='bbox 808 3864 996 3922; x_wconf 76' lang='lat' dir='ltr'>mernerunt</span> <span class='ocrx_word' id='word_1_273' title='bbox 1266 3852 1269 3860; x_wconf 68' lang='grc'>’</span> 
     </span>
    </p>
   </div>
   <div class='ocr_carea' id='block_1_11' title="bbox 263 3963 1314 4136">
    <p class='ocr_par' dir='ltr' id='par_1_18' title="bbox 263 3963 1314 4136">
     <span class='ocr_line' id='line_1_41' title="bbox 263 3963 1313 4058; baseline 0.003 -28"><span class='ocrx_word' id='word_1_274' title='bbox 263 3971 300 4030; x_wconf 79' lang='lat' dir='ltr'>A.</span> <span class='ocrx_word' id='word_1_275' title='bbox 329 3966 502 4040; x_wconf 54' lang='lat' dir='ltr'>Selaetter,</span> <span class='ocrx_word' id='word_1_276' title='bbox 534 3963 581 4032; x_wconf 64' lang='lat' dir='ltr'>eo*</span> <span class='ocrx_word' id='word_1_277' title='bbox 602 3969 705 4058; x_wconf 74' lang='lat' dir='ltr'>Gnaeo</span> <span class='ocrx_word' id='word_1_278' title='bbox 734 3971 847 4034; x_wconf 74' lang='lat' dir='ltr'>Naevio</span> <span class='ocrx_word' id='word_1_279' title='bbox 878 3963 980 4054; x_wconf 78' lang='lat' dir='ltr'>poete.</span> <span class='ocrx_word' id='word_1_280' title='bbox 1007 3967 1182 4056; x_wconf 68' lang='lat' dir='ltr'>⁴i‘erti&#39;cula</span> <span class='ocrx_word' id='word_1_281' title='bbox 1203 3971 1313 4046; x_wconf 81' lang='lat' dir='ltr'>prime.</span> 
     </span>
     <span class='ocr_line' id='line_1_42' title="bbox 387 4053 1314 4136; baseline -0.002 -21"><span class='ocrx_word' id='word_1_282' title='bbox 387 4055 551 4133; x_wconf 84' lang='lat' dir='ltr'>Herbipoli</span> <span class='ocrx_word' id='word_1_283' title='bbox 582 4053 674 4120; x_wconf 81' lang='grc'><strong>1811.</strong></span> <span class='ocrx_word' id='word_1_284' title='bbox 706 4053 778 4136; x_wconf 85' lang='lat' dir='ltr'>(sed</span> <span class='ocrx_word' id='word_1_285' title='bbox 807 4061 864 4119; x_wconf 89' lang='lat' dir='ltr'>sub</span> <span class='ocrx_word' id='word_1_286' title='bbox 895 4057 988 4118; x_wconf 89' lang='lat' dir='ltr'>linem</span> <span class='ocrx_word' id='word_1_287' title='bbox 1018 4058 1140 4119; x_wconf 84' lang='lat' dir='ltr'>demum</span> <span class='ocrx_word' id='word_1_288' title='bbox 1172 4057 1244 4116; x_wconf 88' lang='lat' dir='ltr'>anni</span> <span class='ocrx_word' id='word_1_289' title='bbox 1266 4056 1314 4114; x_wconf 86' lang='lat' dir='ltr'>in-</span> 
     </span>
    </p>
   </div>
   <div class='ocr_carea' id='block_1_12' title="bbox 259 4264 1312 4426">
    <p class='ocr_par' dir='ltr' id='par_1_19' title="bbox 259 4264 1312 4426">
     <span class='ocr_line' id='line_1_43' title="bbox 331 4264 1312 4346; baseline -0.014 -11"><span class='ocrx_word' id='word_1_290' title='bbox 331 4267 359 4334; x_wconf 80' lang='lat'>1)</span> <span class='ocrx_word' id='word_1_291' title='bbox 371 4264 576 4337; x_wconf 65' lang='lat' dir='ltr'>ffllletlseqoe</span> <span class='ocrx_word' id='word_1_292' title='bbox 597 4272 727 4325; x_wconf 70' lang='lat' dir='ltr'>certes-se</span> <span class='ocrx_word' id='word_1_293' title='bbox 755 4269 835 4326; x_wconf 77' lang='lat' dir='ltr'>Tem.</span> <span class='ocrx_word' id='word_1_294' title='bbox 859 4269 880 4326; x_wconf 84' lang='lat' dir='ltr'>l.</span> <span class='ocrx_word' id='word_1_295' title='bbox 901 4287 972 4346; x_wconf 71' lang='lat' dir='ltr'>popa</span> <span class='ocrx_word' id='word_1_296' title='bbox 996 4271 1059 4330; x_wconf 65' lang='lat' dir='ltr'>mr</span> <span class='ocrx_word' id='word_1_297' title='bbox 1109 4269 1185 4341; x_wconf 66' lang='grc' dir='ltr'><strong>1)·1ι</strong></span> <span class='ocrx_word' id='word_1_298' title='bbox 1203 4268 1312 4346; x_wconf 71' lang='lat' dir='ltr'>lpap.</span> 
     </span>
     <span class='ocr_line' id='line_1_44' title="bbox 259 4347 1295 4426; baseline -0.014 -23"><span class='ocrx_word' id='word_1_299' title='bbox 259 4347 291 4403; x_wconf 79' lang='lat'>91</span> <span class='ocrx_word' id='word_1_300' title='bbox 311 4366 370 4421; x_wconf 78' lang='lat' dir='ltr'>epp.</span> <span class='ocrx_word' id='word_1_301' title='bbox 424 4350 453 4416; x_wconf 81' lang='lat'>3)</span> <span class='ocrx_word' id='word_1_302' title='bbox 471 4350 490 4404; x_wconf 86' lang='grc'>1.</span> <span class='ocrx_word' id='word_1_303' title='bbox 510 4350 531 4403; x_wconf 85' lang='grc' dir='ltr'>Ι.</span> <span class='ocrx_word' id='word_1_304' title='bbox 545 4367 616 4424; x_wconf 76' lang='lat' dir='ltr'>pap.</span> <span class='ocrx_word' id='word_1_305' title='bbox 635 4353 741 4426; x_wconf 72' lang='lat' dir='ltr'>22qu.</span> <span class='ocrx_word' id='word_1_306' title='bbox 1207 4383 1210 4390; x_wconf 91' lang='lat'><em>.</em></span> <span class='ocrx_word' id='word_1_307' title='bbox 1252 4371 1256 4380; x_wconf 87' lang='lat'>·</span> <span class='ocrx_word' id='word_1_308' title='bbox 1292 4380 1295 4388; x_wconf 93' lang='lat'><em>.</em></span> 
     </span>
    </p>
   </div>
   <div class='ocr_carea' id='block_1_13' title="bbox 0 0 1447 4944">
    <p class='ocr_par' dir='ltr' id='par_1_20' title="bbox 0 0 1447 4944">
     <span class='ocr_line' id='line_1_45' title="bbox 0 0 1447 4944; baseline 0 0"><span class='ocrx_word' id='word_1_309' title='bbox 0 0 1447 4944; x_wconf 95' lang='lat' dir='ltr'> </span> 
     </span>
    </p>
   </div>
  </div>
 </body>
</html>
