2864 4944
116 410 121 416 ’
206 459 228 628 t

647 317 903 398 ‘'⁸46“

242 497 427 586 Bergkii1)
449 497 638 588 explicatio,
664 502 720 590 qui
740 521 783 570 ex
804 499 916 589 templi
936 499 1143 589 Agrigentini
1165 505 1290 576 deseri·

241 587 353 672 ptione
387 585 452 654 boa
489 609 606 654 versus
645 588 835 676 depromtos
873 608 949 656 esse
986 591 1109 657 statuit.
1167 591 1214 659 At
1252 595 1288 660 iu

240 673 346 757 primo
369 675 522 740 carminis
543 673 628 741 libro
659 695 718 740 eos
748 673 877 760 positos
898 673 1001 742 luisse
1022 673 1153 744 disertis
1173 680 1287 747 verbis

242 757 432 825 Priscianus
465 759 614 827 affirmat
656 761 773 846 Neque
801 758 902 826 ullam
923 760 1019 826 'video
1040 783 1194 848 eausam,
1225 773 1297 832 our'

241 863 262 908 e
282 846 387 930 primo
409 845 494 914 libro
517 847 668 936 ejiciendi
689 848 772 926 sint3
800 847 898 911 immo
928 845 1017 914 nullo
1039 847 1115 914 loco
1138 851 1285 935 aptiores

240 941 329 1012 sunt,
351 952 450 1016 quam
470 952 523 1012 eo,
544 956 610 1020 quo
624 934 767 1016 Aeneas,
788 931 936 999 litoribus
954 933 1088 1019 Libyeis
1110 955 1185 1000 oum
1205 937 1302 1002 navi.

240 1037 303 1084 sua
324 1017 497 1103 appulsus,
517 1020 551 1083 in
568 1016 690 1105 templo
699 1017 841 1086 'lunonis
853 1019 885 1102 ²)
906 1019 1041 1086 miratur
1062 1021 1217 1106 quidquid
1237 1024 1285 1090 lbi

240 1100 424 1170 tabularum
439 1125 636 1190 suspensum
644 1117 704 1172 est.
729 1105 802 1179 Quo
812 1105 919 1170 miuus
930 1105 1099 1170 enimcum
1110 1106 1283 1191 spangen-

238 1191 354 1274 bergio
366 1191 575 1258 etSehuettio
588 1190 690 1258 classi
698 1188 751 1256 vel
759 1201 856 1256 scuto
863 1188 949 1256 baec
957 1191 1053 1274 signa
1059 1191 1221 1276 impressa
1231 1193 1283 1260 fu·

237 1275 308 1341 isse
330 1289 499 1362 putemus,
522 1279 618 1362 ipsae
639 1298 741 1344 voees
762 1278 893 1342 inmani
913 1297 1071 1361 expresso
1092 1277 1284 1362 impediunt,

240 1382 326 1448 quae
340 1363 500 1448 imagines
516 1363 579 1436 bas
595 1366 631 1428 in
646 1364 797 1442 navibus,
813 1383 879 1428 nou
899 1363 945 1428 ad
967 1383 1071 1428 naves
1085 1361 1203 1430 affixas
1227 1365 1283 1432 vel

239 1451 393 1535 appiotas
415 1449 570 1515 indicant.
616 1450 709 1524 Quae
730 1450 760 1514 si
789 1449 896 1513 minus
918 1449 965 1514 ita
987 1459 1118 1528 essent,
1147 1470 1208 1535 per
1229 1471 1284 1517 me

238 1533 370 1615 liceret,
400 1546 435 1602 ut
457 1537 553 1618 signa
573 1536 709 1602 Aeneae
729 1535 880 1616 navibus,
902 1551 1097 1600 nontamen
1119 1535 1284 1602 Romanis

238 1621 402 1704 impressa
430 1621 695 1704 intelligerentur.
739 1619 806 1684 Sed
836 1617 925 1683 illam
953 1639 1059 1685 meam
1088 1621 1282 1707 interpreta-

238 1703 360 1772 tionem
393 1706 624 1774 oommendare
656 1705 690 1772 id
723 1707 820 1771 etiam
842 1705 986 1788 ridetur,
1016 1707 1103 1790 quod
1124 1705 1283 1794 Virgilius

238 1791 401 1877 permulta
422 1793 575 1859 eNaevii
597 1793 794 1862 carminibus
815 1792 973 1856 sumsisse
994 1791 1183 1877 perhibetur
1195 1797 1239 1877 3).

325 1904 419 1978 Quae
441 1903 482 1968 de
501 1903 700 1982 AtlantibuS,
716 1923 805 1988 quos
826 1901 889 1967 nisi
911 1901 944 1966 in
966 1901 1032 1967 boc
1046 1899 1162 1969 Naevii
1184 1924 1285 1972 versu
1414 1938 1420 1949 ·

237 2007 304 2055 non
327 2007 514 2068 occurrere,
533 1991 630 2056 immo
657 1989 792 2054 eosdem
814 2007 888 2053 com
911 1989 1107 2072 Gigantibus
1129 2009 1205 2055 esse
1225 1992 1293 2056 ad*

236 2083 349 2154 notat,
382 2077 672 2160 spangenbergius
704 2074 847 2154 monuit,
878 2095 945 2140 non
972 2095 1142 2160 assequor.
1200 2076 1287 2152 Quis

236 2163 325 2227 enim
355 2162 396 2227 de
424 2161 612 2229 Atlantibus
641 2160 798 2227 iratribus
826 2179 969 2244 unquam
990 2161 1182 2244 cogitavit?
1231 2164 1285 2228 De

237 2249 444 2332 imaginibus,
466 2258 501 2313 ut
522 2259 556 2313 et
576 2249 649 2332 ipse
670 2247 960 2332 spangenbergius
981 2245 1092 2313 locum
1111 2245 1283 2329 intellexit,

236 2345 339 2420 poeta
368 2335 474 2412 canit,
502 2335 536 2400 in
567 2333 685 2420 quibus
716 2354 790 2400 oum
819 2329 1015 2414 compluries
1043 2333 1161 2416 ingens
1184 2333 1286 2414 Atlas

238 2439 418 2506 expressus
447 2427 555 2498 esset,
585 2419 696 2504 magni
724 2419 820 2484 etiam
847 2414 1002 2484 Atlantes
1020 2439 1043 2483 a
1062 2419 1187 2484 Naevio
1210 2420 1284 2486 'me-

239 2516 419 2573 morantur.
477 2501 546 2588 Sed
579 2525 644 2592 quo
678 2501 815 2570 oonsilio
847 2524 902 2568 res
932 2525 955 2568 a
985 2513 1086 2589 poeta
1117 2501 1195 2572 fiete
1227 2503 1282 2582 sit,

238 2591 353 2678 quaeri
374 2601 496 2678 potest.
539 2589 574 2654 ln
597 2601 724 2674 promtu
747 2599 808 2668 est,
831 2590 918 2674 quod
939 2590 1165 2672 respondeam.
1202 2591 1283 2659 luno

237 2679 326 2743 enim
347 2678 444 2763 =quod
469 2675 669 2759 Carthagine
698 2676 855 2760 imprimis
878 2673 1057 2754 colebatur,
1086 2677 1207 2760 depicti
1227 2676 1284 2743 vel

236 2764 390 2849 expressi
419 2763 453 2828 in
484 2763 556 2848 ejus
585 2761 707 2847 templo
739 2759 901 2828 'dilaniet
926 2760 1282 2844 Giganteser·ant,ut·

235 2860 316 2935 pote
344 2849 431 2914 lovis
460 2847 668 2932 Deorumque
693 2847 833 2929 hostes3
862 2867 905 2912 ex
932 2844 998 2912 illis
1024 2858 1133 2912 autem
1166 2847 1282 2914 Atlan·

236 2935 369 3018 tamt),
404 2951 447 2996 ex
477 2931 530 2996 his
562 2931 735 2998 Runehum
770 2934 980 3014 (Rhoetum)
1013 2943 1047 2999 et
1078 2934 1282 3020 Purpureum
1334 2979 1339 2998 ,

237 3018 526 3106 (Porphyrionem)
555 3028 680 3086 tuntum
700 3018 824 3085 laudat.

656 3143 864 3160 m

402 3315 404 3322 ·
524 3266 722 3364 Fragmenta
747 3270 817 3341 libri
847 3263 988 3339 secundi.

748 3433 780 3500 1⁴

321 3551 457 3619 Servius
470 3555 502 3637 ⁵)
525 3552 619 3640 eujus
637 3554 731 3641 filine
748 3551 878 3642 fuerint
899 3551 1001 3617 Anno
1019 3559 1052 3618 et
1073 3545 1164 3618 Dido
1190 3549 1282 3619 Noe·

235 3641 307 3706 uuo
328 3640 413 3705 dixit
433 3640 497 3722 (so.
519 3640 714 3723 Agenoris).

254 3767 258 3775 ·
320 3725 393 3793 lloe
422 3719 519 3792 etiam
548 3727 766 3812 fragmentum
793 3721 840 3790 ad
869 3723 1060 3792 wmoadias
1086 3721 1187 3789 refert
1215 3721 1282 3788 Bo-

190 3897 192 3903 ,
235 3809 324 3879 thius
338 3813 382 3898 ⁶).

302 4061 332 4127 1)
358 4057 500 4114 Miselr.
523 4056 576 4128 fiir·
598 4047 721 4108 Altertlr.
749 4045 823 4108 ldli.
850 4065 919 4126 pap.
939 4049 986 4108 191
1001 4065 1062 4125 sqq.
1114 4048 1147 4124 l)
1179 4004 1280 4129 repta

233 4143 303 4201 Aeta
318 4143 339 4199 l.
356 4143 408 4200 ldb
424 4159 484 4214 sqq.
536 4138 566 4206 3)
584 4136 683 4210 Lange
696 4136 799 4192 natm
814 4151 884 4210 pap.
902 4137 956 4202 tt,-
971 4135 1081 4211 froqm·
1097 4137 1164 4194 tter.
1181 4137 1280 4196 letll.

233 4229 264 4298 r>
280 4227 409 4300 nempe.
435 4225 536 4280 mon
553 4221 615 4276 nr.
640 4219 686 4276 aa
709 4217 790 4275 nur.
847 4221 881 4294 a)
906 4223 947 4282 at
976 4222 1073 4298 vaput
1099 4224 1169 4282 aaa
1185 4223 1233 4282 ιν.
1251 4225 1281 4281 a.

233 4305 635 4386 naam-omnnem·
1280 4302 1296 4331 ·
