2890 4948
515 359 794 442 -105-

122 555 248 624 neseio.
277 553 421 620 ¹Mutant
433 561 543 616 autem
558 545 701 612 vorum
714 553 749 611 el
763 543 921 612 Botlu'usr
946 544 1060 615 statue
1074 563 1174 632 equo:

128 641 282 717 Castalio
304 651 366 707 eet.
387 635 516 703 Versus
537 635 611 718 ipse
631 630 717 698 Livii
736 639 799 698 est·

457 735 585 812 Heetor
606 742 833 830 proficiscens.

208 860 332 932 Eadem
354 869 405 926 est
429 879 504 932 eum
525 855 761 930 Andromacha
780 853 951 936 sabula1).

168 973 171 980 ’
583 967 727 1040 Hesione

208 1089 318 1164 Unum
337 1087 438 1176 hujus
469 1085 602 1156 fabulae
631 1097 784 1176 superest
813 1083 1051 1170 fragmentum,
1071 1102 1175 1148 sooeo

120 1175 156 1252 ld
179 1197 277 1262 quam
299 1174 459 1242 cothurno
489 1175 629 1262 dignius.
674 1173 743 1240 Sed
767 1173 971 1256 tragoediam
993 1169 1176 1236 Hesionam

120 1262 230 1340 fuisse
260 1263 390 1330 disertis
420 1261 532 1325 verbis
567 1270 707 1325 testatur
737 1255 864 1325 Gellius
877 1260 929 1344 Β);
966 1258 1007 1324 de
1037 1261 1175 1347 linpola,

144 1351 275 1416 noniano
305 1356 354 1414 est
385 1349 489 1418 minus
526 1347 706 1436 frequens,
744 1345 980 1412 admonendum
1016 1348 1174 1432 existimo,

117 1372 279 1521 gapatae
313 1442 437 1502 ueteres
470 1433 591 1500 dixisse
617 1431 800 1516 plodiolum
833 1430 1003 1516 oblon'ptnn
1033 1435 1069 1498 in
1101 1454 1173 1516 spe·

116 1525 200 1592 ciem
225 1525 356 1607 linquae
375 1521 515 1610 foetum,
538 1519 634 1584 on'us
655 1517 795 1584 menoinit
820 1517 969 1584 Naeuius
989 1522 1026 1587 in
1042 1529 1171 1610 tropae-

117 1609 181 1684 dio
205 1608 364 1684 Hesiona.
416 1605 550 1678 Versum
612 1607 698 1672 aeoii
719 1605 884 1690 opposui:

124 1745 157 1784 ota
838 1723 866 1794 β.

164 1797 236 1863 sine
251 1803 329 1863 mini
337 1823 455 1882 perere
473 1804 590 1862 morem
605 1801 716 1862 videor
730 1794 849 1878 linquo.
871 1815 990 1873 uanum,
1012 1800 1131 1880 lippata

117 1909 330 1979 Exstremam
352 1908 451 1996 hujus
484 1929 602 1974 versus
623 1917 751 1993 partem
772 1903 839 1988 legi
862 1907 961 1971 etiam
980 1907 1071 1992 apud
1092 1907 1173 1978 Var-

116 2017 236 2064 ronem
251 1999 285 2080 ³)
306 1999 485 2082 putabant:
509 1995 601 2080 opud
626 1994 789 2060 Naeuium
810 1994 846 2057 in
870 1991 1036 2060 Hesiona:

539 2114 696 2172 enimuero
715 2110 818 2188 pladii
838 2109 958 2187 lineola

116 2219 223 2286 Recta
243 2227 355 2283 tamn
377 2215 494 2282 Odoin·
515 2214 697 2282 Muellerus
709 2221 743 2297 4)
766 2214 853 2282 haee
873 2236 940 2282 uon
957 2214 1085 2300 eodem,
1106 2239 1172 2312 quo

116 2305 208 2388 apud
223 2302 368 2374 Gellium
382 2302 545 2386 leguntur,
567 2301 643 2372 loco
658 2303 769 2390 posita
791 2322 868 2406 esse
885 2323 991 2404 posse
1008 2301 1171 2386 affirmem

118 2391 180 2455 sed
201 2387 337 2466 fallitur,
361 2409 402 2453 ea
423 2388 478 2452 vel
502 2389 669 2472 sequentis
691 2407 809 2452 versus
825 2399 915 2453 rmtro
938 2389 1072 2474 abipso
1093 2413 1171 2477 poe·
1284 2391 1287 2398 ’

119 2485 157 2539 ta
179 2473 393 2557 superaddita
420 2471 527 2537 fuisse
547 2474 602 2537 vel
623 2494 666 2538 ex
698 2471 897 2556 glossemate
917 2474 1094 2562 irrepsisse
1113 2506 1172 2568 pu.

118 2569 207 2625 tans.
250 2558 401 2623 Pendeut
423 2559 539 2624 'omnia
561 2579 604 2624 ex
625 2567 718 2624 recta
739 2557 837 2644 hujus
868 2579 987 2627 versus
1015 2565 1171 2654 iuterpre-

120 2647 264 2724 maone,
288 2647 343 2730 qui
365 2644 447 2712 miro
470 2646 612 2730 quodam
634 2646 732 2710 modo
758 2666 874 2710 omues
901 2646 1095 2736 interpretes
1117 2675 1171 2722 ve·

118 2731 233 2810 savit,
255 2732 439 2819 usquedum
457 2729 642 2821 Muellerus
662 2731 771 2797 facem
793 2730 956 2817 praetulit.

205 2849 335 2916 Carere
364 2862 474 2916 autem
505 2852 568 2917 sibi
591 2849 803 2917 Telamonem
835 2852 908 2918 sive
935 2850 1036 2922 alium
1065 2879 1172 2948 quem,

54 3013 58 3022 ¹
118 2957 163 3004 ne
186 2937 311 3015 verbiS,
333 2958 399 3002 non
421 2937 531 3022 gladio
555 2936 668 3002 valere
689 2948 722 3003 et
744 2939 806 3003 sibi
828 2939 891 3024 ipsi
912 2939 1044 3023 plaeere
1060 2946 1170 3014 videa-

118 3035 185 3102 tur,
208 3022 358 3098 Muelleri
380 3037 432 3092 est
444 3025 616 3092 sententia.
660 3023 728 3092 Sed
743 3045 873 3106 vereor,
888 3038 925 3092 ut
939 3025 1025 3094 haee
1041 3035 1171 3118 quidem

118 3112 346 3192 interpretatio
377 3109 534 3190 habeat‚'
550 3133 614 3197 quo
636 3129 674 3176 se
702 3122 850 3196 tueatur3
879 3133 956 3179 nam
982 3119 1115 3204 negatio
1137 3122 1175 3188 in

118 3197 227 3282 prima
250 3197 487 3262 enunciationis
509 3210 605 3284 parte
626 3197 729 3278 deest,
748 3219 846 3284 quam
869 3200 999 3282 quidem
1013 3205 1169 3290 interpre-
1233 3213 1235 3218 ’

118 3285 173 3356 tes
194 3292 327 3364 praeter
346 3281 498 3348 Bothium
519 3303 634 3348 omnes
655 3296 732 3367 post
752 3283 943 3348 infinitivum
955 3305 1074 3371 perere
1097 3315 1171 3360 oum

117 3367 292 3452 Stephano
314 3368 525 3447 intruserunt,
547 3370 766 3434 desideratam
788 3381 896 3434 tamen
911 3368 1002 3437 illam
1022 3376 1056 3440 in
1077 3376 1170 3450 libris

119 3476 197 3524 cum
220 3453 354 3522 excusis
375 3463 443 3524 tum
464 3457 694 3540 manusorptis.
739 3455 833 3530 Quae
853 3476 928 3526 eum
948 3456 995 3526 ita
1015 3463 1092 3544 sint,
1115 3468 1169 3532 be.

117 3561 162 3607 ne
183 3541 398 3627 perspexisse
421 3539 574 3621 Bothium
596 3541 767 3620 existimo,
788 3562 853 3606 nou
877 3543 985 3625 unius,
1007 3551 1068 3613 sed
1091 3554 1170 3622 duo.

120 3649 194 3692 rum
216 3627 384 3693 hominum
405 3627 509 3690 verba
533 3646 630 3706 esse,
652 3636 702 3704 et,
735 3639 770 3691 ut
792 3629 903 3693 statim
925 3651 1010 3724 quae
1032 3657 1106 3702 mea
1127 3643 1193 3705 sit=

119 3715 283 3780 sententia
305 3712 460 3800 eloquar,
482 3711 671 3778 Telamonis
692 3712 918 3800 Heroulisque.
949 3717 1039 3786 Male
1060 3733 1168 3795 autem

118 3799 258 3877 Bothius
280 3801 386 3872 verba
406 3800 453 3868 ita
474 3800 660 3866 emendavit
682 3799 903 3886 digessitque:

547 3958 551 3964 .
648 3939 676 3976 α.
807 3973 810 3980 ,

676 3994 760 4054 sine!
782 3991 857 4054 mihi
871 3991 952 4077 'gera

401 4111 420 4179 β

244 4200 372 4244 morem.
422 4145 559 4246 'Videtur
580 4183 695 4264 lingua,
717 4201 823 4244 rerum
843 4183 971 4262 lingula.

118 4295 329 4326 Μ...-

127 4421 145 4476 3
189 4355 216 4422 1)
234 4351 360 4477 appan.
378 4355 423 4410 aa.
474 4357 507 4425 r)
524 4355 558 4412 n
575 4358 618 4416 25.
636 4358 661 4412 a.
692 4317 750 4429 u)
775 4359 812 4416 n
836 4359 905 4431 imp.
930 4355 997 4416 lae.
1021 4377 1089 4439 pap.
1115 4364 1167 4420 sss

122 4440 229 4498 rpenp.
298 4429 310 4491 )
330 4424 370 4478 ed
396 4422 474 4478 Vorr.
493 4427 512 4480 ἱ.
531 4424 550 4478 l.
569 4425 627 4481 Vll.
647 4427 704 4481 107.
