2918 4952
552 443 601 464 ...-
655 408 727 480 183
778 444 829 460 .-

166 597 279 663 etane,
309 605 502 672 manere
523 585 650 652 dicltuu
693 585 838 666 Similis,
870 587 930 652 sed
952 584 1041 652 haud
1062 584 1210 670 elegans,

165 674 380 744 Anaximcnis
405 673 446 736 de
468 683 556 737 terra
577 673 646 736 adri
668 672 781 738 innim
802 683 855 738 est
874 674 1048 750 sententia,
1073 673 1127 756 qui
1147 683 1228 736 ten.

166 781 224 824 rac
245 760 364 843 ὥσπερ
386 761 557 842 καρδόπῳ
580 761 731 846 πλατείᾳ
761 761 902 842 βάθρον
930 760 992 827 τὸν
1014 757 1106 842 ἀέρα
1130 758 1210 824 ὑπε·

168 847 277 927 palaez
294 849 336 928 ¹).
384 845 497 909 Possis
527 844 625 910 etiam
655 865 746 910 mare
770 845 932 926 concham
956 846 1140 920 caeruleam
1164 845 1212 911 di-

168 943 255 996 ctam
286 951 362 996 esse
395 931 602 1010 existimare,
636 951 701 1015 quo
731 931 976 1004 circumfluente
1005 930 1211 1016 hemisphae-

115 1082 117 1087 .
166 1018 246 1082 num
270 1017 424 1102 sepiatur.

253 1103 349 1168 Prior
373 1122 491 1167 vorsus
522 1121 544 1166 a
571 1099 723 1166 Varrone
753 1100 917 1186 allegatus
948 1101 1044 1168 Ennii
1076 1111 1147 1180 est,
1178 1109 1214 1168 ut

168 1191 262 1273 cnjus
285 1190 444 1254 Periboea
459 1197 499 1257 ,et
519 1185 753 1252 Andromache
773 1198 872 1254 autea
892 1189 1075 1266 laudentur,
1092 1198 1136 1252 et
1158 1189 1214 1272 qui

168 1275 291 1360 primus
312 1290 416 1338 metro
446 1273 581 1338 heroico
610 1293 691 1337 usus
720 1275 764 1338 sit
778 1275 819 1358 ²).
863 1272 994 1360 Lapsus
1016 1285 1125 1338 tamen
1146 1272 1215 1337 hoo
1243 1287 1244 1299 ¹

167 1381 298 1446 quoque
326 1360 402 1424 loco
423 1359 561 1424 Bothius
597 1370 668 1440 est,
701 1362 756 1445 qui
787 1380 919 1425 versum
941 1361 1122 1426 Ennianum
1151 1379 1212 1441 pro

166 1447 337 1513 Naeviano
360 1458 393 1511 et
414 1446 619 1511 Naevianurn
648 1466 709 1531 pro
731 1445 950 1532 explicatione
972 1446 1059 1515 illius
1083 1465 1213 1524 versus,

169 1555 192 1602 a
213 1533 365 1600 Varrone
386 1532 495 1612 facta,
517 1529 627 1604 habet

115 1677 124 1708 ‘
483 1719 489 1728 ,
676 1685 706 1750 l.

255 1798 383 1864 Versus
415 1795 621 1879 anapaestici
650 1684 676 1861 a(
701 1685 852 1861 lenone
867 1797 899 1875 8)
930 1793 1021 1862 allati
1051 1815 1093 1860 cx
1122 1793 1217 1860 Accii

171 1884 355 1951 Philoctete
377 1883 516 1946 desumti
538 1893 626 1963 sunt,
647 1879 732 1947 falso
755 1892 865 1947 tamen
887 1882 995 1949 adhuc
1011 1883 1137 1950 Naevio
1160 1879 1217 1944 tri-

170 1975 249 2041 buti.
294 1972 378 2039 Sunt
398 1981 507 2035 autem
529 1966 581 2032 hi:

421 2105 531 2149 nemas
553 2087 718 2158 expirante
740 2102 859 2158 vapore
879 2085 969 2144 vides

424 2173 505 2240 areale
528 2174 609 2249 ignis
632 2170 715 2236 cluet
736 2170 920 2231 mortalibus
942 2169 1052 2236 divisi

171 2279 271 2346 Error
291 2276 368 2344 inde
389 2275 560 2361 profectus
582 2284 643 2354 cst,
667 2273 754 2359 quod
778 2276 851 2340 cod.
871 2273 980 2342 Vertr.
1005 2285 1039 2343 et
1059 2269 1220 2340 editiones

172 2365 243 2431 fere
272 2384 477 2446 omnespro
506 2381 617 2426 nemas
646 2361 800 2424 exhibent
826 2361 992 2441 Naeuius,
1045 2378 1221 2444 namquam

173 2453 207 2516 in
229 2449 361 2534 optimis
380 2449 562 2535 quibusque
577 2445 670 2512 libris
688 2447 932 2534 manuscriptis,
953 2443 988 2518 'ut
1003 2384 1091 2517 Flor.
1109 2445 1220 2510 Haun.

175 2535 274 2602 Goth.
297 2546 331 2601 ct
351 2534 429 2600 Par.
454 2544 527 2601 eet
548 2535 583 2616 b,
604 2551 713 2601 nenas
734 2530 865 2622 legitur.

680 2686 716 2754 3.

263 2799 367 2869 Varro
380 2801 434 2881 4):
456 2797 550 2882 npnd
574 2797 753 2865 Naevium:
824 2775 832 2780 ’

384 2916 490 2976 eoctim
513 2917 621 2974 venire
641 2916 731 2974 video
749 2912 852 2994 ferme
874 2915 990 2994 injulria

174 3023 281 3118 serrae
300 3019 423 3086 dicitnr·
447 3020 535 3108 qaod
556 3040 643 3088 nanc
662 3023 747 3112 fere.

177 3111 300 3172 ciceron
328 3109 423 3172 codd.
455 3106 545 3172 Flor.
574 3107 680 3172 Hauu.
711 3104 809 3174 Goth.
841 3105 916 3172 Par.
939 3127 968 3171 a.
1000 3101 1089 3170 editt.
1118 3103 1224 3188 princ.

151 3215 153 3220 ·
176 3194 272 3264 Rom.
284 3193 377 3260 1474.
399 3192 495 3261 Rhol.
517 3191 646 3258 Venett.
657 3194 680 3258 l.
696 3206 729 3260 et
744 3195 787 3260 Π.
804 3190 880 3259 Ald.
897 3191 977 3258 Bas.
992 3191 1071 3256 Par.
1088 3186 1226 3274 Gryph.‚

41 3286 45 3293 '
178 3301 264 3364 quae
284 3280 384 3346 lectio
408 3281 667 3363 epraeaedente
686 3300 784 3345 versu
806 3279 958 3343 Plautino
977 3274 1091 3352 fluxit3
1123 3277 1225 3338 cioam
1252 3315 1254 3320 -

180 3368 254 3432 cod.
277 3366 406 3445 Vertr.;
428 3369 551 3429 circam
572 3366 646 3430 cod.
671 3365 745 3431 Par.
766 3368 800 3444 b,
823 3383 937 3446 margo
959 3361 1153 3448 Augustin3
1174 3377 1246 3424 ‹ac-A

180 3474 252 3516 cam
279 3451 369 3518 editt.
391 3452 532 3534 August.
565 3450 675 3516 Vertr.
708 3451 844 3540 Sciopp.
875 3449 999 3539 Speug.
1029 3446 1161 3525 Muell.;
1190 3448 1227 3511 in

179 3551 236 3606 oto
256 3539 413 3626 Sciopp.3
438 3538 567 3628 injuria
588 3537 704 3625 roliqq.

634 3689 766 3758 ecta

268 3803 386 3870 Cicero
404 3807 456 3885 ⁵):
485 3803 596 3882 nobis,
625 3823 667 3868 nc
688 3805 717 3866 si
738 3804 907 3886 coapiantur
929 3803 1074 3887 norim,
1108 3802 1228 3868 distra-

183 3889 260 3959 here
280 3911 376 3956 cocos
397 3890 598 3956 conceditur.
643 3889 797 3957 Indicant
832 3892 999 3954 orationes
1026 3892 1107 3954 illac
1136 3891 1231 3973 iprae

252 4136 280 4204 1)
306 4135 392 4192 acrba
415 4145 482 4194 eant
498 4140 634 4196 Platonis
658 4134 772 4193 Pnaea.
793 4153 866 4210 paq.
881 4135 957 4194 aab.
976 4135 1020 4192 ed.
1041 4133 1163 4210 stopa:
1194 4135 1234 4208 cf.

190 4219 377 4292 Wyttenbacll
412 4223 452 4276 ad
477 4222 504 4276 b.
522 4224 544 4282 l.
572 4241 645 4298 pay·
669 4227 721 4281 255
752 4222 797 4279 cd.
827 4221 905 4293 laps.
975 4223 1006 4292 2)
1035 4222 1075 4294 ct.
1095 4239 1167 4297 paa-
1192 4229 1235 4282 86.

186 4309 219 4376 5)
239 4307 276 4360 de
294 4307 362 4380 ltnn.
382 4305 449 4362 hot.
471 4325 541 4384 paq·
560 4314 611 4370 295
639 4305 747 4384 Spcaq.
808 4310 839 4380 4)
866 4308 902 4364 da
926 4307 995 4384 llnq.
1012 4309 1078 4366 Lat.
1098 4327 1171 4386 paq.
1186 4313 1238 4369 369
1348 4369 1349 4372 ,

198 4389 308 4466 Sparta,
359 4394 390 4460 5)
410 4389 492 4484 flrat.
515 4393 599 4452 XLV.
619 4401 678 4458 152.
