2890 4948
643 367 918 440 *108*-

260 555 342 632 tuit,
370 551 493 640 rejecta
522 561 645 616 temere
673 565 788 614 eorum
816 547 996 624 sententia,
1028 545 1083 630 qui
1111 543 1207 612 aliter
1235 566 1311 612 scn-

262 641 354 704 tiunt.
398 639 442 704 At
464 657 544 701 vero
574 652 671 721 quam
693 654 813 699 manca
843 643 876 698 et
898 630 1014 698 debilis
1037 631 1163 696 Osanni
1186 643 1237 698 est
1258 655 1312 698 ar·

264 721 481 810 gumentatio!
530 722 670 792 Noniani
700 722 785 786 enim
819 719 892 784 libri
909 725 940 800 1)
969 719 1016 783 ita
1044 717 1234 802 Lycurgum
1265 722 1312 784 ci-

263 823 355 876 tanta
390 811 538 876 Naevius
561 811 713 894 Lycorpo
736 806 821 871 libro
842 805 908 882 ΙΙ.,
938 806 1024 869 unde
1046 804 1201 870 Osannus
1231 827 1310 870 con-

263 894 377 976 cludit,
399 896 551 962 carminis
572 894 718 981 Lycurgi
740 890 976 976 pluresiuisse
997 889 1112 972 libros,
1136 904 1173 956 ut
1194 893 1311 958 Eroto-

262 983 426 1068 paegnion
449 982 582 1046 Laevii..
617 982 684 1046 Sed
707 977 961 1044 Andromachae
994 997 1124 1070 qnoque
1144 975 1311 1060 fragmen-

261 1081 328 1134 tum
346 1073 378 1152 2)
402 1091 422 1133 a
443 1067 613 1132 Prisciano
636 1069 682 1133 ita
702 1065 882 1150 allegatur:
923 1063 1071 1130 Nocoinr
1092 1066 1126 1128 in
1155 1067 1216 1132 ΙΙΙ.
1245 1069 1310 1134 He·

263 1165 355 1220 ctcre
372 1155 603 1240 proficiscente
610 1203 622 1238 ,
651 1155 758 1230 unde,
788 1153 817 1216 si
839 1151 902 1216 sibi
924 1163 1079 1217 constare
1101 1153 1178 1221 velit
1201 1157 1311 1225 (isan-

262 1264 345 1320 nus,
378 1263 484 1326 aeque
507 1239 767 1306 concludendum
800 1239 830 1303 ei
853 1249 922 1316 est,
951 1236 1019 1329 hoc
1045 1261 1174 1323 quoque
1196 1243 1312 1308 Laevii

262 1328 367 1396 foisse
405 1329 595 1414 carmen2).
649 1326 718 1390 Sed
749 1325 791 1388 de
821 1323 886 1390 hac
916 1345 952 1388 ra
982 1345 1060 1388 mox
1089 1324 1191 1409 plura.
1246 1329 1310 1394 Co·

262 1416 444 1492 mediam,
478 1415 641 1478 Graecam
663 1411 906 1477 Anaxandridis
936 1413 1162 1496 cognominem
1184 1414 1310 1480 imitan-

263 1515 345 1572 tem.
378 1510 563 1582 agnoscunt
584 1499 845 1580 Duentzcrus4)
875 1509 925 1574 et,
963 1499 1017 1583 qui
1047 1500 1089 1563 ab
1120 1520 1160 1562 eo
1190 1501 1256 1566 hac
1278 1503 1310 1566 in

218 1612 222 1624 ·
262 1609 300 1652 ra
331 1588 490 1671 pendent,
528 1585 671 1650 Orellius
687 1590 719 1666 ⁵)
759 1595 792 1648 et
820 1584 1017 1650 Welckerus
1032 1587 1074 1666 ⁶).
1126 1584 1311 1652 Vehemen-

263 1687 314 1739 ter
336 1678 455 1750 miror,
479 1674 510 1735 in
532 1692 570 1735 re
592 1672 836 1756 expeditissima
858 1682 924 1734 tarn
947 1672 1001 1735 diu
1023 1671 1126 1736 errari
1148 1676 1309 1758 potuisse.

263 1759 402 1826 Duobus
438 1759 567 1842 quidem
596 1756 683 1842 apud
714 1756 919 1822 Athenaeum
937 1758 971 1842 7)
1000 1753 1085 1822 locis
1107 1757 1310 1824 Artaxandri-

264 1847 315 1910 dis
336 1845 482 1929 Lycurgi
504 1843 624 1908 mentio
647 1843 701 1918 fit3
725 1843 834 1908 nullus
861 1854 968 1907 tamen
993 1843 1138 1908 comicus
1162 1845 1255 1910 'color
1276 1847 1312 1912 in

263 1931 380 1996 Naevii
401 1931 555 2015 Lycurgo
577 1940 648 2008 est,
677 1929 737 1994 sed
759 1930 922 2016 tragicum
945 1929 1089 2006 colorem
1112 1931 1313 1997 omniafere

262 2016 451 2105 fragmenta
480 2017 575 2100 quasi
604 2016 746 2080 inustum
776 2025 900 2100 gerunt.
947 2014 1158 2098 Quaenenim
1187 2019 1229 2082 de
1260 2019 1311 2084 Si-

262 2103 337 2170 leno
359 2103 545 2188 Lycurgum
575 2103 766 2185 increpante
796 2102 883 2184 apud
904 2101 1125 2175 Duentzerum
1147 2103 1310 2186 leguntur,

262 2210 304 2254 ea
326 2201 449 2253 temere
471 2189 504 2251 in
528 2187 717 2272 Lycurgum
746 2185 866 2265 illata‚·
889 2197 922 2252 et
951 2189 1107 2273 quaegde
1139 2203 1237 2274 capto
1261 2192 1311 2255 Si·

263 2274 340 2341 leno
363 2276 561 2353 afferuntur,
594 2294 633 2338 ea
657 2275 744 2338 omni
767 2283 961 2359 argumento
984 2283 1105 2338 orarent.
1148 2277 1312 2362 Aeschyli

262 2361 450 2446 Lycurgum
473 2361 546 2425 sive
566 2362 676 2444 potius
698 2360 899 2446 Lycurgiam
921 2360 1064 2426 imitatus
1095 2373 1147 2425 est
1164 2363 1310 2432 Naevius

262 2449 329 2526 ita,
358 2459 394 2512 ut
423 2446 524 2512 multa
556 2467 597 2512 ex
626 2437 792 2530 Euripidis
820 2445 963 2512 Bacchis
992 2459 1153 2526 sorderet,
1177 2451 1249 2515 'nisi
1279 2463 1312 2516 et

261 2535 335 2619 ipsc
358 2533 528 2618 Euripides
561 2533 753 2616 Aeschyleo
782 2531 932 2616 plurima·
954 2534 1132 2599 suffuratus
1154 2548 1215 2601 est.
1260 2537 1311 2602 Ne

262 2621 480 2706 praeripiam,
504 2639 588 2704 quae
610 2620 653 2684 ad
676 2621 750 2703 ipsa
771 2620 956 2702 fragmenta
977 2621 1166 2708 auriotanda
1188 2623 1309 2704 habeo,

262 2705 418 2783 lectores,
441 2706 469 2770 si
493 2707 547 2790 qui
570 2716 682 2782 erunt,
705 2717 842 2788 rogatos
865 2705 961 2785 volo,
984 2717 1020 2771 ut
1040 2707 1213 2774 Naeviana
1236 2730 1311 2774 cum

261 2791 461 2877 Aeschyleis
484 2803 515 2856 et
530 2792 713 2876 Euripideis
735 2813 860 2857 mecum
878 2814 1072 2875 comparare
1088 2795 1198 2860 velint.
1244 2797 1309 2862 Do-

262 2879 394 2948 lendum
418 2879 546 2963 quidem
577 2890 646 2958 est,
677 2879 718 2942 de
737 2877 899 2963 Aeschyli
931 2881 1029 2945 etiam
1050 2881 1214 2966 Lycurgia
1243 2895 1311 2948 tam

262 2965 365 3034 iruulta
387 2967 420 3030 in
444 2965 568 3032 incerto
592 2977 624 3029 et
645 2966 787 3030 obscuro
818 2968 928 3049 posita
951 2987 1046 3054 esse3
1077 2969 1137 3032 sed
1160 2971 1311 3054 quamv-is

172 3123 176 3134 ,
262 3073 372 3138 pauca
403 3050 468 3114 sint
502 3060 595 3116 extra
629 3047 759 3116 dubium
790 3053 915 3136 posita,
949 3052 1116 3120 sufficiunt
1137 3067 1246 3126 temen
1266 3059 1312 3122 ad

263 3157 304 3203 ea
326 3135 519 3207 illustranda
542 3148 574 3201 et
596 3140 860 3222 comprobanda,
891 3159 976 3223 quae
1008 3140 1049 3204 de
1071 3141 1224 3228 Lycurgo
1247 3154 1311 3209 tra-

263 3221 383 3306 goedia
405 3223 641 3288 contendimus.
685 3224 841 3289 Veterum
871 3236 980 3290 autem
1013 3229 1055 3292 de
1075 3229 1230 3313 Lycurgo
1261 3230 1311 3296 fa-

262 3309 360 3380 bulae
388 3310 472 3376 adeo
496 3307 647 3384 diversae
669 3324 745 3376 suat
760 3314 811 3394 ⁸),
834 3319 889 3390 ut,
924 3335 1021 3399 quam
1043 3327 1099 3382 aut
1120 3315 1311 3400 Aeschylus

262 3408 320 3462 aut
340 3397 486 3460 Naevius
508 3398 613 3461 secuti
635 3399 718 3476 sint,
742 3409 833 3463 certo
857 3395 1014 3465 affirmari
1036 3416 1195 3486 nequeat,
1230 3403 1311 3470 illud

261 3493 390 3559 alitem,
428 3503 524 3567 quam
553 3485 594 3547 de
623 3483 776 3568 Lycurgo
807 3505 947 3568 poenam
976 3489 1128 3553 sumserit
1158 3489 1312 3562 Bacchus

260 3567 482 3652 Aeschyleus,
504 3571 635 3635 omnino
658 3571 817 3636 incertum
840 3573 883 3635 sit
904 3572 1149 3662 relinquendum
1166 3579 1210 3659 9).
1249 3578 1310 3641 lta-

261 3676 327 3742 que
356 3658 505 3735 veniam,
543 3677 662 3746 spero,
699 3655 851 3737 habebit,
886 3662 975 3744 qaod
1006 3661 1041 3726 in
1063 3663 1311 3730 constituendis

262 3813 471 3830 -nl-———-—-

316 3926 345 3998 Ι)
364 3926 403 3996 cf.
420 3925 529 4000 trapam
548 3933 574 3984 9.
626 3929 656 3995 2)
671 3946 745 4002 pap.
763 3928 805 3985 92.
859 3933 888 3998 3)
907 3929 945 4002 cf.
969 3931 1097 3994 Walclter
1120 3933 1168 3988 dte
1195 3931 1309 3990 Grieclt.

267 4013 444 4087 Tragoediam
460 4029 528 4087 pap.
552 4011 620 4068 1204
638 4021 667 4069 et
685 4015 759 4070 1³70.
811 4017 841 4082 d)
861 4020 893 4070 io
909 4017 985 4072 Mas.
1003 4017 1097 4072 Rhea.
1119 4021 1152 4076 V.
1166 4039 1240 4094 pap.
1259 4023 1310 4076 aaa

262 4117 320 4174 sqq.
374 4099 403 4163 5)
422 4095 531 4152 occurs.
557 4097 648 4153 llud
672 4097 776 4154 Horat.
804 4105 860 4154 orl.
880 4107 986 4176 poetic.
1005 4121 1074 4178 pap.
1093 4105 1152 4160 656.
1205 4106 1234 4172 o)
1253 4105 1273 4158 l·
1291 4105 1309 4158 l.

259 4205 330 4257 pap.
350 4185 424 4238 1370.
476 4183 504 4249 7)
530 4182 568 4254 cf.
599 4183 731 4239 Meinckc
755 4186 978 4243 conda-Gracc.
996 4189 1106 4264 fragm..
1125 4189 1143 4244 l.
1159 4209 1230 4272 pap.
1249 4193 1308 4246 371.

262 4273 291 4341 8)
311 4271 431 4343 Zoopo's
457 4268 683 4343 Adhortdlnnpcn
706 4289 776 4345 pap.
792 4274 892 4328 a-lt
908 4293 987 4346 δίης
1011 4275 1172 4330 riemann.
1197 4277 1235 4334 tle
1255 4277 1308 4332 Ac·

263 4354 354 4426 rrhplt'
369 4355 513 4430 merrpia
534 4372 605 4429 pop.
624 4352 663 4410 17.
715 4356 746 4426 a)
769 4357 898 4414 liselclrcr
920 4361 1044 4435 Tritopic
1061 4379 1133 4437 pop.
1149 4363 1202 4418 320
1216 4373 1275 4436 sqq.
