2864 4944
637 356 886 435 ..14-

247 541 311 606 lam
333 539 463 620 docuit,
486 537 634 608 calculus
655 549 744 608 totus
766 557 808 606 ex
829 557 869 604 eo
890 535 1029 624 pendet,
1061 557 1158 626 quem
1179 537 1212 604 ln
1233 559 1277 605 an

248 644 325 690 nom
345 625 425 702 ltlud
448 625 581 692 Carvilii
604 628 647 692 ab
672 643 776 690 uxore
802 623 974 690 divortium
1003 625 1135 690 ineidat.
1177 624 1213 690 ln
1234 643 1277 690 an

247 730 324 776 num
353 703 518 790 uuxvn.
547 711 614 778 lioo
641 712 785 777 incidere
813 731 879 774 non
908 730 1027 794 posse,
1056 707 1291 794 Schuetttus1)

249 805 370 875 monet,
391 795 484 882 qued
493 797 632 862 disertis
653 796 764 861 verbis
785 816 806 862 a
824 793 1025 861 Censoribus
1040 795 1097 880 Sp.
1113 795 1293 860 Carvilium

243 879 358 968 jurare
381 893 531 946 coactum
553 901 629 946 esse
650 879 775 947 Gellius
796 883 972 946 memoriae
993 881 1182 965 prodiderit,
1204 899 1300 944 anno·

247 979 356 1031 autem
378 967 542 1032 DXXVll.
573 986 731 1032 censores
759 967 886 1031 Romae
914 987 980 1030 nou
1009 965 1112 1031 fuisse
1141 985 1159 1030 e
1182 965 1292 1030 Fastis

248 1051 443 1134 Capitolinis
464 1051 683 1136 intelligatur..
718 1052 784 1116 Sed
801 1069 875 1116 ,non
906 1051 1077 1134 diligenter
1106 1052 1293 1134 inspexisse

246 1138 375 1200 videtur
397 1137 462 1202 hoa
483 1139 605 1203 Festos
627 1135 834 1215 Schuettius,
857 1157 931 1200 eum
951 1136 984 1200 in
1007 1156 1067 1215 ea,
1097 1155 1194 1221 quam
1215 1146 1293 1201 ante

246 1221 363 1286 oculos
385 1223 512 1300 habeo,
535 1224 695 1301 editione,
719 1243 740 1288 a
761 1222 927 1286 Laurento
955 1232 1073 1306 parata
1089 1227 1138 1304 ²),
1159 1220 1236 1286 anni
1259 1232 1293 1286 et

246 1305 392 1372 Dxxru.
415 1319 448 1372 et
468 1307 646 1373 DXXVlll.
677 1307 842 1373 Censores
863 1309 944 1391 ipsis
966 1307 1150 1371 nominibus
1172 1306 1292 1371 additis

246 1405 489 1458 recenseantur.
534 1395 600 1458 lam
622 1413 702 1458 vero
732 1394 910 1478 Dionysius
937 1391 1293 1476 Halicarnassensis³y

246 1479 287 1540 de
308 1479 424 1543 eodem
447 1479 586 1543 divortio
608 1479 693 1544 haec
714 1479 890 1543 memoriae
913 1479 1071 1559 prodidit:
1102 1477 1196 1543 narde
1225 1477 1292 1555 τὴν

244 1561 403 1646 ἑβδόμην
425 1563 482 1628 ἐπὶ
504 1574 582 1628 τοῖς
602 1566 793 1645 τριάκοντα
815 1565 878 1629 uui
902 1563 1030 1628 trama
1049 1559 1290 1641 Ὀλυμπιάσιν,

245 1647 498 1714 ὑπατευόντων
527 1649 688 1731 Μάρκου
720 1647 940 1729 Πομπωνίου
970 1649 1034 1712 καὶ
1065 1651 1184 1714 Γαΐου
1215 1651 1290 1712 Πα·

246 1735 395 1814 κυρίου,
427 1737 565 1814 πρῶτος
595 1735 773 1798 ἀπολῦσαι
802 1732 940 1816 λέγεται
972 1733 1037 1812 τὴν
1067 1730 1198 1798 ἑαυτοῦ
1228 1757 1289 1818 γυ·

243 1827 355 1884 caina
386 1820 568 1902 Σπούριος
597 1821 843 1900 Κορουῒλλιος.
889 1817 989 1902 Atqui
1019 1817 1182 1883 Consules
1211 1817 1290 1884 anui

244 1901 394 1969 DXXllI.
428 1925 470 1968 ex
501 1925 581 1970 aera
612 1904 771 1970 Varronis
805 1901 936 1984 (fastos
967 1903 1052 1967 enim
1084 1902 1291 1988 Capitolinos

246 2005 323 2053 aera
345 1988 528 2054 Catoniana
560 1991 605 2053 uti
637 1990 783 2074 constat)
814 1990 846 2053 in
869 1987 966 2053 fastis
988 1999 1020 2052 et
1042 1987 1235 2072 Capitolinis
1258 1999 1291 2055 et

245 2071 368 2138 Siculis
398 2085 430 2138 et
452 2073 681 2140 consularibus
705 2087 738 2140 et
759 2075 846 2156 apud
870 2071 1104 2138 Cassiodorum
1126 2074 1171 2138 Μ.
1196 2073 1289 2139 Pom·

244 2158 363 2242 panius
384 2159 513 2237 Matho,
528 2159 565 2225 C.
610 2161 765 2244 Papirius
780 2159 878 2224 Maso
900 2157 1083 2237 laudantur,
1105 2159 1191 2222 unde
1214 2159 1290 2225 Dio·

243 2243 384 2331 nysiurn,
400 2263 495 2330 quern
512 2245 641 2329 Olymp.
658 2245 726 2312 vu.
742 2246 771 2308 1.
793 2246 905 2308 urbem
922 2244 1084 2309 conditam
1100 2255 1244 2309 statuere
1256 2249 1291 2324 ⁴)
1375 2319 1380 2330 ,

243 2329 404 2394 neminem
425 2329 528 2414 fugit,
554 2331 684 2416 Olymp.
707 2328 900 2396 CXXXVll.
927 2330 942 2392 l
966 2327 1168 2394 intellexisse
1190 2339 1290 2414 patet.

244 2415 337 2487 Quae
367 2437 440 2480 cum
471 2419 516 2482 ita
546 2417 632 2494 sint,
662 2416 798 2502 primam
829 2437 848 2479 a
877 2414 1002 2480 Naevio
1031 2414 1175 2480 fabulam
1202 2433 1291 2498 anno

242 2497 392 2565 Dsslll.
424 2500 531 2566 datam
559 2522 636 2566 esse
665 2513 784 2567 statuo.
837 2499 1041 2564 Dissentiunt
1070 2501 1199 2586 quidem
1221 2498 1290 2566 Va·

242 2583 344 2650 lerius
378 2585 606 2672 Maximus⁵)=
643 2588 814 2670 repudium
843 2587 930 2649 iuter·
959 2605 1093 2649 uxorem
1123 2589 1155 2650 ei
1185 2581 1291 2650 aierem

244 2687 266 2734 a
290 2670 425 2736 condita
448 2669 529 2738 urbe
557 2675 726 2758 usquead
751 2672 985 2750 uicesimumet
1007 2671 1290 2777 quingentesimum

242 2773 363 2821 anurtm
392 2755 516 2823 utillum
547 2758 753 2833 intercessit3
782 2759 910 2841 primus
938 2764 1043 2820 aretem
1074 2759 1133 2840 sip.
1173 2755 1289 2820 Curui-

243 2839 307 2906 tius
335 2859 469 2907 tutorem
499 2843 682 2908 sterilitatis
704 2863 805 2908 euersa
829 2839 959 2922 dimisit,
981 2853 1014 2906 et
1037 2835 1233 2906 Plutarchus
1246 2838 1289 2922 6),

242 2921 339 3012 cujus
368 2938 475 2992 tannen
504 2931 605 3005 verba
636 2947 678 2992 na
708 2930 839 2992 dubium
869 2929 998 3010 quidem
1028 2928 1103 3010 quin
1135 2935 1290 3007 corrupta

242 3009 327 3086 sint,-
358 3027 431 3094 cam
461 3013 538 3077 anrri
568 3011 726 3078 CCCXX.
749 3031 781 3096 p.
805 3031 836 3075 u.
860 3029 888 3074 a.
920 3010 1080 3093 legantur.¹
1124 3011 1192 3076 Sed
1223 3011 1289 3081 Va·

241 3093 343 3159 lerius
372 3095 536 3163 Maximus
566 3119 630 3162 nnn
660 3108 835 3172 accurate,
866 3093 925 3160 sed
958 3095 1136 3180 majoribus
1165 3105 1289 3162 tanturn

240 3181 386 3245 numeris
415 3201 496 3247 usus
525 3201 644 3248 annum
666 3181 757 3246 illurn
786 3177 918 3246 indicat.
962 3176 1134 3247 Consentit
1162 3198 1289 3248 raecum

150 3321 153 3330 ,
243 3264 520 3352 Goetrltngtas⁷).
564 3268 767 3352 Scriptorum
796 3275 904 3331 autem
926 3263 1022 3330 locos
1051 3283 1152 3352 supra
1176 3265 1290 3334 lauda·

240 3359 294 3416 tas
325 3351 367 3416 de
403 3353 560 3430 divortio,
595 3375 659 3418 non
689 3351 730 3419 de
761 3353 897 3436 repudio
936 3345 1287 3437 intelligendos‘essa

240 3446 331 3501 recte
352 3448 462 3502 monet
478 3433 722 3522 Schnettiustj,
743 3433 799 3524 qui
820 3448 927 3504 tamen
949 3431 1095 3503 subulam
1114 3435 1181 3502 hoc
1202 3457 1289 3504 anno

241 3516 352 3584 datam
376 3523 578 3596 comoediam
606 3523 709 3590 fuisse
738 3525 837 3588 nimia
868 3545 941 3588 cum
972 3523 1112 3588 audacis
1143 3523 1286 3607 conjicit.

239 3600 324 3670 Nam
347 3617 383 3671 ut
410 3609 600 3688 concedam,
627 3611 714 3694 quod
738 3609 866 3694 quidem
889 3603 967 3673 milri
990 3604 1129 3672 nondum
1153 3626 1288 3691 persua·

239 3707 312 3756 sum
335 3711 411 3758 esse
432 3693 589 3780 profiteor
611 3716 674 3760 nee
698 3711 893 3780 persuasum
915 3692 954 3758 iri
982 3711 1101 3776 spero,
1129 3686 1290 3772 fabulam,

240 3791 338 3860 quam
359 3777 473 3844 Livius
488 3780 576 3845 dedit
592 3781 742 3864 primam,
763 3781 964 3845 comoediam
982 3777 1098 3857 fuisse,
1114 3776 1157 3844 de
1171 3774 1288 3845 Naevii

239 3869 349 3928 tamen
371 3863 486 3932 fabula
507 3867 612 3952 prima
633 3866 714 3932 nihil
742 3867 818 3931 iude
841 3863 994 3958 concludi
1016 3874 1136 3948 potest.

239 4003 441 4020 C-—u—-n—

249 4110 253 4118 ·
306 4073 334 4144 1)
349 4074 369 4135 l.
385 4075 405 4136 1.
419 4091 489 4156 pap.
506 4077 546 4138 m.
589 4079 619 4152 i)
629 4095 703 4156 pap.
719 4075 761 4137 37.
803 4071 1010 4150 3)ant.1inm.
1029 4073 1115 4136 ilii.
1158 4081 1189 4150 l)
1202 4075 1221 4134 1.
1233 4080 1252 4136 l.
1266 4073 1285 4137 1.

235 4161 266 4218 71
284 4163 370 4220 etit.
412 4165 582 4234 5)11.1.n
625 4167 659 4234 6)
678 4182 771 4238 camp.
792 4165 912 4238 Lycurp.
930 4173 959 4221 et
975 4165 1061 4221 Num.
1080 4167 1105 4222 3.
1152 4166 1285 4234 mum.

237 4246 414 4321 Staatsuers.
425 4263 498 4323 pap.
513 4248 557 4303 eo.
601 4247 636 4316 8)
652 4248 671 4302 l.
688 4248 707 4302 Ι.
720 4263 790 4322 pap.
808 4249 839 4302 ll
853 4256 928 4313 not.;
944 4247 1073 4307 Niebuhr
1086 4249 1170 4306 Rd’m.
1186 4248 1284 4306 Geruli.

233 4332 278 4389 lll.
292 4350 364 4409 pap.
382 4336 443 4390 alt.
480 4331 555 4386 [idn
583 4330 669 4385 uam.
689 4329 877 4388 Privati-cclii
902 4350 970 4406 pap.
988 4333 1039 4387 207
1057 4350 1117 4405 sqq.
