2864 4944
408 471 411 479 ,
498 393 675 470 -·--.ts
727 427 777 448 --
882 439 885 443 -

130 581 256 646 curium
277 587 388 644 autem
407 573 618 643 cum-Silenis
632 574 859 661 Nympharum
880 584 1079 640 sectatorem
1097 573 1174 658 dici,
1227 563 1230 574 '

129 676 167 730 ut
187 664 284 730 navis
306 683 349 729 ex
371 661 477 729 saeuis
497 659 551 728 his
580 663 754 729 arboribus
784 671 951 728 exstructa
977 659 1174 732 inviolabilis

130 761 164 816 et
185 760 318 818 aeterna
338 749 391 814 sit
433 745 501 812 Sed
523 747 600 833 quid
622 759 690 814 tum
711 747 877 814 Mercurio
900 746 1009 830 opus‘l
1030 748 1175 813 Aeterna

131 835 342 920 etiam'hrgo
363 831 582 900 eDodonaea
604 854 725 919 quercu
746 833 845 900 iacta.
891 832 962 898 Nec
975 831 1176 899 Mercurium

131 920 357 1006 Nympharum
378 930 559 986 amatorem
580 921 651 985 scio
674 921 781 1006 magis
801 920 906 986 fnisse
927 939 1025 1003 quam
1046 930 1176 984 ceteros

132 1006 236 1085 Deos,
253 1005 400 1091 exeeptis
414 1005 537 1072 Faunis
558 1005 751 1092 Silenisque.
785 1006 962 1070 Praeterea
977 1007 1075 1070 etiam
1090 1015 1174 1070 cete-

133 1113 192 1158 rae
206 1092 340 1159 Aeneae
366 1110 470 1156 naves
489 1112 531 1156 ex
547 1093 720 1159 arboribus
734 1093 841 1157 Idaeis
867 1100 1054 1156 exstructae
1075 1101 1177 1172 erant,

133 1199 217 1262 quas
251 1190 359 1244 tamen
390 1197 457 1241 non
476 1176 685 1243 inviolabiles
706 1189 739 1242 et
761 1189 914 1244 aeternas
934 1176 1039 1242 fuisse
1069 1176 1177 1262 ipsum

133 1263 223 1348 illud,
247 1265 333 1351 quod
363 1281 544 1350 perpessae
564 1276 651 1348 sunt,
672 1262 880 1351 naufragium
901 1260 1091 1328 declaravit

642 1417 673 1484 9.

217 1535 407 1602 Priscianus
421 1541 474 1616 1):
503 1539 612 1602 inserui
633 1555 759 1601 marum
775 1553 844 1619 pro
864 1537 1021 1614 marium,
1053 1538 1108 1621 qui
1130 1543 1178 1601 ta·

135 1641 205 1689 mere
226 1625 262 1687 io
283 1641 366 1688 raro
387 1631 435 1687 est
455 1643 518 1688 usu
534 1625 718 1712 parictem,
747 1621 841 1706 apud
866 1621 1026 1686 Naeuium
1047 1624 1084 1686 in
1105 1641 1179 1688 car·

134 1707 314 1776 mirebelli
337 1707 458 1776 Proici

304 1838 404 1896 senes
424 1833 530 1912 [retus
546 1834 666 1910 pietate
689 1829 780 1892 decim
803 1831 959 1892 allocutus
980 1831 1092 1892 somme

305 1915 406 2026 derl'm
426 1923 514 2000 repis
533 1919 667 1997 fratrem
689 1917 866 1993 Nepatnum
887 1919 1085 1997 regnatorem

305 2025 434 2067 marum.

136 2109 217 2177 Sine
237 2110 356 2178 idonea
377 2130 482 2178 eausa
501 2110 595 2178 muru
612 2107 802 2176 Schuettius
825 2127 846 2172 e
866 2107 974 2192 primo
995 2126 1097 2176 versu
1118 2108 1182 2198 eje·

137 2197 194 2277 cit,
217 2218 299 2283 qnae
321 2217 389 2262 vox
410 2216 484 2262 oum
505 2195 689 2283 insequenti
709 2195 840 2280 penitus
862 2191 1033 2260 coalescit.

221 2307 365 2385 Nescio,
395 2327 454 2373 cur
476 2305 520 2371 ad
549 2305 636 2371 tertii
656 2303 732 2370 libri
760 2303 957 2389 principium
977 2303 1041 2372 hos
1063 2327 1183 2375 versus

136 2388 336 2474 relegaverit
356 2391 658 2476 spangenbergius.
701 2390 788 2456 Nam
808 2410 872 2456 nee
894 2399 1019 2456 certum
1039 2389 1114 2458 libri
1135 2396 1183 2459 in·

138 2477 260 2540 dicium
295 2475 384 2558 apud
398 2537 399 2541 ,
415 2474 620 2539 Priscianum
650 2472 752 2539 ullum
787 2486 856 2554 est,
893 2495 957 2542 nee
986 2477 1094 2562 pietas
1126 2479 1186 2548 illa

137 2559 247 2627 Deum
268 2558 411 2625 Duilium
442 2579 549 2643 aeque
579 2558 697 2624 ‹lecere
726 2559 855 2626 videtur
885 2572 986 2649 atque
1005 2562 1186 2651 Anchisen,

139 2666 204 2712 nec
226 2666 338 2711 senem
361 2645 434 2732 jam
462 2657 530 2710 tum
550 2643 693 2712 Duilium
725 2645 829 2712 fuisse
858 2644 946 2712 ullus
973 2668 1082 2716 rerum
1104 2654 1186 2718 scri-

139 2741 217 2818 ptor
239 2732 440 2797 memoravit.
484 2731 521 2796 Si
542 2729 854 2798 verisimilitudinem
875 2733 970 2816 sequi
990 2731 1079 2814 licet,
1101 2734 1187 2804 haec

140 2817 186 2882 ad
206 2817 373 2883 Anchisen
394 2815 470 2882 vela
493 2814 693 2898 solventem,
712 2817 825 2900 itaque
846 2814 890 2881 ad
911 2817 1050 2900 primum
1071 2821 1187 2888 carmi·

96 2905 98 2914 '
141 2903 195 2969 nis
216 2901 332 2969 librum
364 2901 698 3054 pertinerearbitror.
740 2901 826 3002 Nam
853 2901 942 2986 apud
963 2899 1137 2990 Virgilium
1151 2907 1187 2996 2)

141 2988 367 3143 gpplplptetiplisnc
390 3008 458 3056 uses
485 2986 564 3056 saus
591 2985 669 3056 vela
700 2985 780 3054 dare
795 2987 900 3078 pubet.
943 2986 1040 3060 Facit
1059 3013 1188 3064 mecum

639 3193 691 3260 10.

229 3313 366 3382 Servius
380 3314 432 3398 3)ε
454 3320 487 3378 ct
507 3321 594 3379 totus
614 3311 666 3378 tte
688 3316 780 3379 locrus
799 3313 859 3398 (de
880 3312 996 3380 Aenea
1015 3325 1095 3399 post
1116 3335 1190 3382 ces·

145 3411 258 3466 santos
286 3409 498 3482 tempestates
524 3397 635 3464 socios
663 3397 873 3480 consolante)
904 3398 945 3464 de
969 3397 1091 3467 Naeuii
1113 3401 1191 3472 betti

149 3487 269 3554 sttniei
291 3485 376 3551 libro
397 3486 579 3549 translatus
599 3491 655 3548 cet.

231 3597 368 3662 Praeter
388 3593 473 3662 haec
494 3615 535 3661 ea
555 3594 669 3669 etiam,
694 3614 779 3683 quae
799 3603 999 3684 sequuntur,
1020 3597 1191 3686 Virgilium

147 3682 307 3752 eNaevii
327 3681 473 3749 carmine
495 3681 695 3749 desumsisse
716 3691 863 3750 testatur.

644 3836 695 3902 11.

233 3953 425 4024 Macrobius
441 3957 497 4040 ⁴)=
528 3963 604 4022 sunt
631 3956 692 4022 ulii
715 3956 779 4022 lom·
796 3927 1013 4042 plurimorum
1032 3973 1193 4044 versuum,

221 4200 384 4272 1)v11.1t.
405 4201 552 4276 popm·
576 4201 675 4258 Krelrl.
725 4202 757 4270 2)
774 4199 842 4256 Amr.
861 4199 905 4256 ΙΙΙ.
922 4200 949 4256 ll·
999 4201 1029 4269 3)
1052 4201 1093 4255 ud
1117 4199 1193 4279 γίνῃ.

151 4286 222 4345 alem
239 4287 261 4345 l·
284 4285 351 4354 lue,
375 4286 454 4358 falco
481 4284 592 4364 Spaap.
612 4294 640 4342 et
658 4285 786 4342 Saturio.
806 4287 865 4342 itu.
917 4291 949 4362 4)
968 4285 1087 4346 Scirem.
1105 4283 1150 4342 Vl.
1168 4289 1193 4342 i.

152 4389 221 4448 puy.
241 4371 298 4427 170.
317 4369 361 4426 ed.
382 4371 497 4446 Bipcat.
