2918 4952
550 399 826 476 ..205..

164 585 325 650 Kreusius
340 585 384 669 ¹).
428 581 548 652 Verum
571 585 656 650 enim
677 599 759 650 vero
780 585 814 650 tn
836 603 877 650 eo
892 601 1010 651 omnes
1021 581 1097 651 virt
1111 581 1209 652 occa

163 671 242 735 mihi
274 673 403 758 quidem
432 671 503 736 salli
532 673 702 750 videntur,
734 671 822 759 quod
855 671 1029 738 Musarum
1056 675 1210 758 sceptus

166 759 208 820 (le
236 759 311 841 ipsa
341 759 375 820 vi
403 768 436 822 et
461 756 570 822 indole
599 759 732 842 poetica
761 755 999 822 intellexerunt.
1044 759 1081 824 ln
1116 759 1209 826 solos

158 845 250 906 ‘enim
273 861 426 908 numeros
446 844 589 922 invehit,
611 865 718 930 neque
739 843 912 924 immerito,
933 843 1068 924 Ennius,
1090 856 1125 910 et
1143 845 1210 932 ipsi

165 928 334 994 Musarum
357 929 485 1014 scopuli
506 931 539 995 in
568 951 609 995 eo
632 941 709 995 sunt
729 931 925 1018 quaerendi,
953 931 1041 1016 quod
1070 949 1211 1016 magttae

166 1014 263 1080 molis
286 1029 425 1082 conatus
440 1028 522 1095 erat,
545 1015 690 1101 linguam
706 1017 855 1081 Latinam
871 1015 1036 1102 dactylico
1050 1018 1211 1102 adaptare

166 1101 252 1166 velle
274 1123 418 1168 nttmero.
464 1101 558 1166 Nam'
572 1105 614 1166 de
634 1104 765 1186 ingenio
780 1103 897 1168 Naevii
920 1105 961 1168 tle
981 1105 1118 1190 qusque
1133 1111 1211 1190 poi-

160 1189 215 1251 sis
237 1189 399 1270 gravitate
422 1187 510 1252 haud
532 1190 642 1274 inique
658 1187 831 1276 judicasse
851 1189 1009 1268 Ennium,
1037 1189 1124 1256 inira
1151 1189 1210 1256 do.-

163 1276 303 1338 cebitur.
347 1275 473 1341 Versus
501 1275 600 1357 igitur
629 1275 773 1340 Saturnii
801 1272 951 1340 rudiores
981 1285 1075 1343 cruat
1103 1286 1137 1340 et
1160 1277 1210 1342 in-

165 1358 244 1424 culti
262 1355 366 1444 'atque
396 1362 439 1424 ab
473 1363 560 1425 omni
584 1361 715 1428 Graeca
736 1360 902 1444 elegantia
929 1359 1046 1442 alieni,
1078 1372 1211 1430 etcum

152 1445 259 1530 ipsae
290 1446 469 1510 carminum
505 1446 571 1513 hoc
601 1458 706 1514 metro
740 1448 999 1532 conscriptorum
1039 1447 1212 1534 reliquiae,

159 1537 231 1595 ‘tum
255 1532 377 1596 diserta
400 1543 562 1597 testantur
592 1535 880 1618 grammaticorum
901 1535 1096 1600 testi-monia.
1139 1533 1210 1602 Me·

164 1617 235 1682 rius
257 1619 341 1682 enim
363 1619 551 1685 Victorinus
569 1625 600 1701 2)
624 1622 665 1686 de
686 1617 840 1686 Saturnio
862 1631 967 1686 metro
989 1622 1036 1686 ita
1058 1621 1209 1686 disserit:

159 1706 274 1768 ¹nostri
308 1713 414 1770 autem
444 1707 572 1792 antiqui
591 1709 645 1771 etsi
669 1708 742 1788 (eo)
765 1714 858 1786 sunt,
889 1725 931 1772 eu
951 1725 1018 1770 uon
1039 1705 1214 1772 caracara
1261 1717 1266 1727 '

160 1793 240 1876 leqe
260 1811 320 1855 nec
342 1813 408 1856 uno
427 1811 547 1878 penore
569 1795 750 1871 custodito,
772 1793 849 1871 secl,
868 1802 1103 1879 praeterquam
1123 1792 1213 1879 quod

160 1878 360 1942 ¹(lautissimos
378 1881 543 1967 fecerunt,
565 1882 662 1949 etiam
683 1881 769 1944 alios
791 1881 916 1964 hirmos,
938 1883 1024 1946 alios
1047 1880 1213 1946 cranaus

159 1966 386 2029 'inseruerunt
431 1966 544 2040 Qutat
575 1967 665 2051 quod
693 1965 812 2031 Atilius
842 1967 1143 2049 Fortunatianus⁵)
1174 1985 1214 2032 se

170 2052 224 2115 vix
246 2052 335 2135 apud
350 2050 509 2118 Naevium
525 2052 672 2117 invenire
686 2073 804 2116 versus
821 2051 908 2133 dicit,
928 2073 1015 2136 quos
1030 2074 1090 2136 pro
1106 2069 1213 2121 exeat·

160 2136 225 2222 'plo
249 2148 360 2223 ponat.
404 2137 533 2204 Versus
555 2140 641 2202 enim
663 2137 807 2203 Saturnii
836 2137 944 2202 forma
963 2139 1050 2202 adeo
1071 2155 1160 2222 vaga
1180 2150 1215 2206 ct

159 2225 262 2289 ‘varia
286 2235 355 2302 est,
386 2245 460 2290 cum
490 2237 523 2290 et
554 2223 675 2290 multae
703 2223 792 2308 apud
811 2233 942 2290 veteres
964 2222 1113 2309 syllabae
1135 2223 1214 2290 cou-

158 2310 356 2386 trahantur,
385 2310 507 2374 multae
529 2309 650 2392 longae
679 2312 913 2394 corripiantur,
932 2313 1064 2376 vbreves
1092 2313 1213 2394 produ·

171 2405 297 2472 cantur,
312 2394 449 2458 vocales
470 2406 544 2458 ante
562 2394 698 2459 vocales
717 2417 782 2460 aon
800 2395 995 2480 liquescant,
1016 2415 1076 2482 pro
1090 2398 1215 2482 jambis

156 2487 227 2542 aaut
256 2479 421 2544 trochaeis
444 2481 560 2564 quavis
583 2481 662 2546 sede
691 2482 849 2564 spondei,
877 2492 928 2553 et,
958 2493 1100 2566 excepto
1127 2484 1214 2567 pede

163 2563 302 2643 ultimo,
335 2567 510 2644 tribrachi,
540 2587 601 2650 pro
623 2565 688 2631 illis
710 2567 900 2650 anapaesti,
930 2589 990 2651 pro
1013 2568 1066 2634 his
1089 2569 1213 2656 dactyli

167 2650 402 2730 adltiheantur,
433 2664 468 2716 ut
499 2673 565 2717 non
594 2653 746 2717 modain
769 2653 1011 2718 Naevieaorum
1035 2657 1214 2722 carminum

159 2737 315 2824 reliquiis
329 2741 382 2822 4),
412 2740 472 2802 sed
501 2740 600 2804 etiam
628 2739 661 2802 in
685 2737 768 2804 Livii
791 2737 944 2825 Odyssea
966 2740 1119 2806 heroicos
1142 2760 1214 2806 ver·

159 2835 229 2889 sus
252 2826 419 2890 invenisse
440 2824 512 2889 Viri
534 2823 632 2889 Docti
653 2825 715 2888 sibi
733 2825 929 2891 viderentur.
973 2826 1214 2894 Grammaticos

168 2923 277 2976 autem
297 2912 380 2975 istos
402 2911 677 2990 schematismum,
700 2921 735 2976 nt
754 2912 801 2976 ita
820 2913 942 2988 alicam,
964 2913 1058 2997 sequi
1079 2913 1213 2997 ineptis·

159 2999 298 3077 simum,
320 2998 393 3083 quis
416 3011 466 3062 est
489 2999 543 3085 qui
564 3000 718 3063 nesciaet
751 2997 863 3072 Quare
883 2999 1027 3083 iniquum
1049 2999 1215 3066 mehercle
1268 3043 1272 3054 ·

171 3096 240 3163 est,
266 3095 403 3168 propter
432 3085 717 3168 gratnnmticorum
738 3085 875 3150 istorum
899 3097 954 3150 aut
974 3085 1214 3154 Graeculorum

171 3181 368 3236 contemtum
390 3171 580 3236 Naevianos
614 3191 733 3237 versus
756 3171 901 3256 ‹lespici3
934 3188 1010 3236 nem
1031 3173 1215 3240 rudissimis

171 3259 323 3337 versibus
352 3260 540 3342 conscripta
570 3265 648 3324 sunt
675 3259 784 3323 arania
811 3259 1018 3341 antiquorum
1044 3257 1216 3325 Romano-

170 3367 242 3411 rum
266 3345 422 3422 oarmina‚
444 3345 626 3408 rectissimis
646 3346 741 3429 ipsae
763 3355 894 3408 vetares
914 3343 1066 3422 fabulae,
1085 3346 1117 3410 si
1139 3365 1215 3412 cum

170 3451 273 3498 aurea
301 3439 409 3494 aetate
440 3450 498 3494 eas
528 3430 775 3513 comparaveris
790 3432 833 3514 ⁵).
884 3429 990 3503 Quem
1025 3431 1112 3496 enim
1133 3443 1214 3498 tan·

159 3511 268 3606 'quam
283 3519 457 3582 'summum
490 3519 622 3600 po'e‘tam
658 3514 813 3600 aequales
842 3527 1061 3600 suspexerunt
1097 3527 1132 3584 ct
1159 3520 1216 3605 qui

158 3603 362 3671 'Naevianus
384 3621 501 3666 versos
522 3603 606 3667 adeo
629 3599 712 3667 viles
733 3602 949 3686 praedicavit,
969 3602 1108 3670 Ennium
1129 3604 1216 3690 dico,

159 3685 201 3756 ''is
231 3711 273 3756 ne
302 3690 375 3774 ipse
405 3687 534 3774 quidem
563 3687 762 3772 sempiterna
788 3697 826 3752 et
851 3689 975 3754 intacta
1005 3688 1111 3774 gloria
1141 3690 1214 3772 luit,

174 3777 234 3841 sed
254 3775 395 3860 Virgilio
416 3787 546 3840 stercus
567 3785 691 3840 tantum
712 3772 886 3858 reliquisse
906 3775 1062 3860 traditur,
1084 3797 1127 3841 ex
1148 3767 1215 3864 qu'o

173 3861 229 3926 ille
250 3883 365 3928 aurum
387 3859 559 3948 colligeret
572 3861 627 3946 ⁶),
657 3870 691 3926 et
711 3857 845 3926 Horatio
861 3863 895 3942 ⁷)
926 3864 1090 3946 gravitate
1110 3864 1218 3931 minor

154 3997 158 4006 V
313 4001 317 4012 ι
399 4005 403 4014 ι

243 4114 271 4176 1)
288 4106 390 4162 Roem.
408 4105 650 4180 Litcraturqescla
666 4124 736 4190 pap.
752 4107 876 4163 66-74.
928 4103 959 4177 i)
975 4103 1217 4184 pap'190Gcicfi

153 4198 203 4267 ,3)
217 4192 449 4270 percursantes.
491 4194 520 4264 a)
538 4188 577 4264 cf.
589 4191 749 4248 Bellpun.
766 4187 875 4263 fraqm.
891 4189 953 4262 1.t;
971 4189 1052 4246 via.
1093 4193 1125 4264 5)
1135 4190 1218 4248 Pris-

173 4287 248 4338 uon.
275 4281 311 4334 dc
333 4296 404 4334 cere.
430 4296 501 4332 eom.
522 4265 647 4351 ll.'puq.
662 4281 714 4334 403
730 4271 841 4338 Krcllc
866 4271 969 4329 Horat.
993 4283 1049 4332 art.
1067 4286 1148 4350 poet.
1167 4274 1219 4338 262

125 4420 127 4426 ,
172 4369 239 4440 tttq.
258 4365 342 4422 Acro.
396 4365 425 4430 6)
444 4359 554 4419 Donat.
571 4365 621 4416 uit.
649 4359 725 4436 Virq.
742 4367 783 4419 18.
816 4363 866 4429 ’7)
885 4358 978 4415 Sata.
1001 4361 1021 4415 1.
1040 4367 1081 4418 10.
1100 4361 1143 4420 58.
