2918 4952
546 421 722 500 ...209
772 459 823 480 ..

161 609 291 680 bertute
310 605 420 694 magis
438 603 613 694 magisque
629 605 793 692 privavit,
825 615 925 694 atquc
946 615 1082 694 postera
1102 618 1210 690 aetas,

162 698 216 765 oui
236 715 347 780 nugae
378 709 482 780 saepe
513 703 547 762 et
576 691 670 759 lusos
690 691 725 758 ia
747 689 894 776 deliciis,
923 692 1088 778 elegantia
1120 707 1211 763 certe

160 783 299 870 majoris
320 801 418 868 quam
439 779 603 846 sententia
624 789 658 844 et
677 779 730 844 vis
748 778 847 930 pretii
859 789 963 864 erat,
984 780 1211 848 Romanarum

161 868 329 936 literarum
357 867 450 934 initia
477 867 521 932 ad
542 859 682 930 Ennium
709 885 747 929 re
762 875 866 942 erret,
895 865 1056 932 Naevium
1084 865 1155 950 sere
1175 868 1211 934 ia

163 964 330 1020 contemtu
352 953 495 1019 liaberet.
539 951 607 1017 Sed
628 952 703 1036 ipsc
725 950 824 1017 etiam
841 949 969 1017 Ennius
990 951 1117 1019 meliori
1132 954 1211 1040 jure

161 1034 333 1107 Romanus
354 1040 419 1106 dici
440 1047 569 1124 potest,
598 1057 698 1122 quem
726 1035 782 1122 qai
814 1036 887 1123 ejus
916 1037 1056 1122 vestigia
1079 1059 1210 1124 presse-

162 1138 253 1204 runt3
284 1125 363 1191 milri
391 1126 521 1211 quidem
549 1123 667 1207 ingens
696 1119 753 1188 ille
779 1121 881 1188 heros
907 1121 1047 1208 Virgilio
1076 1126 1210 1192 omnino

161 1211 399 1298 praeferendus
426 1209 564 1276 videtur·
615 1209 726 1293 Atque
761 1209 850 1294 quod
884 1210 918 1274 in
947 1229 1024 1276 eum
1054 1212 1211 1298 congessi

163 1309 392 1384 corruptarum
419 1294 585 1362 literarum
615 1293 757 1372 crimen,
789 1295 824 1360 id
845 1305 879 1360 et
899 1289 1006 1381 ipsum
1028 1307 1211 1384 temporum
1299 1347 1302 1356 .

161 1386 270 1468 magis
302 1401 401 1469 quam
421 1379 517 1448 Ennii
543 1389 605 1446 est.
652 1379 798 1446 Pinnata
825 1381 911 1446 enim
936 1381 1049 1468 prada
1069 1393 1104 1449 et
1124 1385 1210 1470 rapi·

163 1469 298 1536 dissimo
328 1487 427 1534 cursu
456 1487 523 1533 non
551 1464 667 1531 literae
695 1465 803 1552 solum
831 1459 979 1551 alienae,
1011 1467 1071 1534 sed
1099 1485 1211 1538 mores

162 1556 260 1621 etiam
283 1566 316 1620 et
335 1553 416 1620 vitia
445 1552 555 1620 aliena
583 1552 617 1616 in
638 1552 823 1642 Romanam
852 1566 982 1637 gentem
1011 1563 1080 1620 tum
1108 1553 1210 1622 irrue·

87 1641 93 1652 '
162 1636 254 1720 bant,
276 1649 312 1707 at
332 1642 487 1707 resistere
508 1639 538 1704 is
560 1637 618 1703 vix
639 1648 774 1724 posset,
819 1653 892 1704 uem
912 1660 976 1705 nec
998 1639 1130 1707 Romae
1151 1659 1210 1709 na·

163 1734 231 1793 tum
253 1738 287 1794 et
309 1722 450 1794 Graecis
494 1724 648 1809 raecipue
677 1724 781 1803 literis
796 1660 968 1792 (lmbmum
996 1725 1101 1793 luisse
1131 1747 1210 1794 oon·

162 1821 239 1880 stat.
282 1807 404 1878 Melias
424 1741 590 1878 melleraie
619 1803 661 1874 tle
690 1810 794 1877 literis
813 1807 977 1878 Romanis
998 1823 1109 1879 actum
1128 1812 1210 1883 fuis

163 1910 234 1978 set,
268 1901 298 1964 si
327 1899 450 1980 sensim
479 1897 667 1982 sensimque
696 1915 758 1964 sua
779 1895 950 1981 excolere,
981 1915 1078 1986 quam
1100 1898 1212 1968 aliena

162 1986 273 2052 statim
295 1986 443 2088 recipere
474 1992 508 2049 et
528 1981 707 2062 aemulari,
737 1981 855 2050 melius
882 1981 1001 2067 igitur,
1033 1985 1082 2068 si,
1111 2005 1210 2072 qaum

161 2067 249 2139 viam
271 2065 417 2138 Naevras
446 2064 618 2154 lngressus
646 2077 718 2134 erut
742 2081 776 2136 ct
804 2085 870 2153 qua
898 2081 1018 2153 postea
1038 2069 1148 2137 Attius
1177 2083 1211 2140 et

161 2149 308 2225 Lucilius
329 2156 546 2236 incedebant,
602 2169 676 2221 erse
699 2156 733 2220 ui
761 2153 955 2220 voluissent.
998 2155 1067 2222 Setl
1095 2154 1139 2224 erl
1162 2159 1209 2224 rii·

162 2245 302 2310 ctionem
312 2237 518 2309 Naevianam
532 2177 641 2306 rellan.
678 2176 834 2319 1bonnet,
849 2237 1095 2327 antiquissimos
1110 2265 1209 2331 quas·
1252 2277 1257 2290 a

163 2344 227 2413 que
250 2333 367 2412 postas
388 2322 563 2393 Romanos
584 2325 702 2392 liturae
723 2345 870 2412 operam,
892 2323 1025 2396 dedisse
1045 2327 1117 2396 lere
1138 2329 1209 2406 nul·

162 2411 229 2478 lam
241 2417 284 2493 ¹).
329 2413 379 2478 lta
400 2409 498 2478 etiam
519 2404 675 2476 Naevius.
717 2407 845 2498 Populo
867 2414 956 2496 enim
975 2414 1120 2500 scripsit,
1141 2435 1209 2484 noo

164 2489 316 2577 literatis,
345 2498 492 2563 carmina
514 2497 720 2580 composuit,
743 2508 779 2565 ut
798 2497 929 2582 ingenio
951 2515 1012 2566 suo
1035 2497 1210 2570 satisfac

162 2594 214 2650 ret
233 2591 267 2649 et
286 2581 386 2650 animi
408 2575 557 2670 cogitata
577 2579 768 2663 effunderet,
796 2602 861 2649 non
883 2592 919 2650 ut
940 2581 1067 2654 otiosas
1087 2587 1210 2655 mulce·

163 2681 216 2736 ret
239 2685 344 2734 aures.
386 2663 499 2754 ltaque
521 2683 633 2734 eorum
647 2663 776 2755 judicia
790 2667 991 2754 reformidat,
1013 2671 1123 2760 quide
1143 2672 1209 2744 ele·

164 2755 279 2840 gantia
299 2753 406 2822 solunt
422 2753 583 2842 judicant,
615 2772 683 2820 nan
706 2757 748 2822 de
769 2757 802 2821 vi
825 2766 858 2822 et
879 2757 1113 2825 sententiarum
1135 2779 1209 2845 gra·

162 2843 283 2921 vitate,
314 2840 369 2927 qui
397 2853 523 2908 vestem
552 2833 676 2907 malunt
706 2859 903 2926 purpuream
923 2835 1047 2910 homini
1067 2863 1210 2933 nequam
1318 2923 1321 2936 Ι

162 2925 356 3006 detractam,
378 2945 476 3013 quam
499 2923 603 2992 ulrum
624 2923 870 3012 gravissimum,
893 2925 1027 2996 sordida
1048 2943 1139 2998 veste
1159 2934 1209 2999 in·

164 3013 287 3080 dutum.
331 3013 425 3088 Quae
447 3010 489 3079 de
508 3007 649 3094 Lucilio,
671 3011 727 3098 qai
744 3007 929 3082 Tarentinis
952 3026 985 3082 et
999 3013 1210 3088 Consentinis

162 3111 198 3166 et
226 3095 365 3182 Siculis,
401 3107 516 3184 utpote
551 3099 740 3184 incorrupta
772 3100 981 3186 simplicitate
1010 3101 1208 3188 homiuibus,

162 3181 309 3252 scribere
332 3202 370 3252 se
390 3183 564 3270 professus
585 3194 668 3267 erat,
689 3185 807 3254 Cicero
822 3189 854 3272 ²)
870 3183 1014 3274 exponit,
1036 3208 1076 3257 ea
1091 3193 1210 3278 magis,

162 3291 261 3358 quam
283 3271 316 3336 iu
347 3273 455 3355 ipsum
475 3270 655 3350 Lucilium,
686 3273 721 3337 in
742 3266 903 3341 Naevium
933 3276 1072 3341 caduntr
1104 3287 1210 3364 nepae

165 3359 232 3424 lum
253 3351 343 3424 docti
365 3365 430 3422 tant
451 3366 567 3437 eram,
595 3351 642 3423 acl
674 3379 811 3444 pactam
835 3357 998 3446 judittam
1019 3357 1208 3430 elaboraret

163 3451 197 3510 ct
216 3452 293 3509 suat
313 3442 385 3531 qius
404 3445 533 3527 scripta
552 3439 688 3522 walcra,
709 3452 745 3509 at
765 3445 936 3512 urbanitas
955 3462 1078 3514 tamma
1099 3465 1207 3535 appa·

162 3537 249 3615 reat,
270 3525 425 3596 doctrina
439 3527 621 3595 mediocris.
663 3525 756 3596 Haec
770 3526 1008 3616 praemittenda
1023 3555 1099 3602 esse
1115 3538 1207 3620 duxi,

163 3637 207 3683 ne
229 3618 315 3702 quis,
340 3615 514 3682 fastidioso
536 3626 571 3683 et
590 3613 700 3703 iniquo
721 3612 853 3683 Horatii
874 3628 908 3687 et
928 3619 1139 3694 Quinctiliani
1153 3621 1207 3712 ju·

163 3702 250 3768 dicio
283 3703 380 3770 nimis
410 3699 564 3785 conlisus,
586 3705 857 3769 contemnendum
887 3710 1020 3788 poe'tem
1047 3707 1209 3778 Naevium

164 3807 241 3852 esse
267 3800 371 3873 putet.
415 3787 446 3853 A
477 3787 680 3856 Graecorum
707 3789 794 3857 enim
822 3793 972 3874 partibus
1004 3791 1041 3860 hi
1069 3805 1146 3861 sunt
1174 3807 1209 3864 et

165 3871 363 3960 elegantiam
383 3872 542 3959 imprimis
572 3876 690 3959 politae
710 3876 930 3960 appetendam
951 3897 1027 3945 esse
1047 3881 1207 3948 arbitran-

164 3969 228 4043 tur,
248 3980 347 4048 quam
367 3979 541 4030 censuram
561 3961 596 4031 in
614 3955 832 4049 dijudicandis
852 3963 995 4050 unuquis
1016 3966 1126 4052 poetis
1141 3988 1209 4036 nou

232 4229 261 4300 1)
277 4191 372 4286 nal
388 4225 425 4286 a
438 4184 502 4304 'faa
519 4226 605 4292 aaa
617 4237 766 4309 masa
784 4226 919 4310 sapae
935 4230 1091 4294 anana.
1104 4233 1209 4296 aaa.

156 4327 230 4389 pups
246 4319 283 4379 6,·
316 4311 416 4370 Osann
439 4317 520 4398 cael.
537 4322 603 4376 mit.
622 4338 697 4396 pap.
711 4325 761 4390 813
786 4321 888 4396 Lange.
903 4320 1009 4378 malm.
1027 4329 1103 4397 trop.
1121 4323 1209 4382 Roas.

159 4417 232 4476 pay·
250 4405 277 4461 ⁶·
326 4403 358 4470 2)
374 4400 413 4457 dl
426 4400 524 4461 Μ»
540 4403 563 4460 Ι·
578 4408 606 4466 8·
623 4411 650 4466 7ο

109 4551 129 4588 ,
960 4501 1003 4567 14
