<?xml version="1.0" encoding="UTF-8"?>
<!DOCTYPE html PUBLIC "-//W3C//DTD XHTML 1.0 Transitional//EN"
    "http://www.w3.org/TR/xhtml1/DTD/xhtml1-transitional.dtd">
<html xmlns="http://www.w3.org/1999/xhtml" xml:lang="en" lang="en">
 <head>
  <title>
</title>
<meta http-equiv="Content-Type" content="text/html;charset=utf-8" />
  <meta name='ocr-system' content='tesseract 3.04.00' />
  <meta name='ocr-capabilities' content='ocr_page ocr_carea ocr_par ocr_line ocrx_word'/>
</head>
<body>
  <div class='ocr_page' id='page_1' title='image "./cnnaeviipoetaer00naevgoog_0014.png"; bbox 0 0 2864 4944; ppageno 0'>
   <div class='ocr_carea' id='block_1_1' title="bbox 12 1514 1250 2276">
    <p class='ocr_par' dir='ltr' id='par_1_1' title="bbox 12 1514 1250 2276">
     <span class='ocr_line' id='line_1_1' title="bbox 12 1514 1175 1678; baseline 0.005 -26"><span class='ocrx_word' id='word_1_1' title='bbox 12 1602 17 1614; x_wconf 75' lang='lat'><strong>⁴</strong></span> <span class='ocrx_word' id='word_1_2' title='bbox 124 1514 277 1659; x_wconf 77' lang='lat' dir='ltr'>Primis</span> <span class='ocrx_word' id='word_1_3' title='bbox 313 1589 513 1678; x_wconf 85' lang='lat' dir='ltr'>reipublicae</span> <span class='ocrx_word' id='word_1_4' title='bbox 542 1585 713 1658; x_wconf 81' lang='lat' dir='ltr'>Romanae</span> <span class='ocrx_word' id='word_1_5' title='bbox 749 1589 951 1677; x_wconf 75' lang='lat' dir='ltr'><strong>temporibus</strong></span> <span class='ocrx_word' id='word_1_6' title='bbox 986 1585 1035 1657; x_wconf 83' lang='lat' dir='ltr'>rel</span> <span class='ocrx_word' id='word_1_7' title='bbox 1069 1587 1175 1676; x_wconf 75' lang='lat' dir='ltr'>magis</span> 
     </span>
     <span class='ocr_line' id='line_1_2' title="bbox 125 1676 1173 1764; baseline -0.001 -22"><span class='ocrx_word' id='word_1_8' title='bbox 125 1689 226 1764; x_wconf 86' lang='lat' dir='ltr'>quam</span> <span class='ocrx_word' id='word_1_9' title='bbox 247 1681 371 1763; x_wconf 81' lang='lat' dir='ltr'>speciei</span> <span class='ocrx_word' id='word_1_10' title='bbox 401 1689 557 1744; x_wconf 80' lang='lat' dir='ltr'><strong>externae</strong></span> <span class='ocrx_word' id='word_1_11' title='bbox 589 1677 759 1744; x_wconf 89' lang='lat' dir='ltr'>Romanos</span> <span class='ocrx_word' id='word_1_12' title='bbox 791 1678 977 1757; x_wconf 80' lang='lat' dir='ltr'>studuisse,</span> <span class='ocrx_word' id='word_1_13' title='bbox 1007 1686 1040 1742; x_wconf 87' lang='lat' dir='ltr'>et</span> <span class='ocrx_word' id='word_1_14' title='bbox 1068 1676 1173 1762; x_wconf 79' lang='lat' dir='ltr'>ipsine</span> 
     </span>
     <span class='ocr_line' id='line_1_3' title="bbox 126 1762 1174 1848; baseline -0.004 -18"><span class='ocrx_word' id='word_1_15' title='bbox 126 1765 218 1830; x_wconf 89' lang='lat' dir='ltr'>urbis</span> <span class='ocrx_word' id='word_1_16' title='bbox 255 1766 434 1848; x_wconf 88' lang='lat' dir='ltr'>adspectus</span> <span class='ocrx_word' id='word_1_17' title='bbox 452 1768 485 1847; x_wconf 77' lang='lat'>1)</span> <span class='ocrx_word' id='word_1_18' title='bbox 514 1773 548 1828; x_wconf 85' lang='lat' dir='ltr'>ct</span> <span class='ocrx_word' id='word_1_19' title='bbox 583 1763 751 1829; x_wconf 87' lang='lat' dir='ltr'>literarum</span> <span class='ocrx_word' id='word_1_20' title='bbox 790 1765 932 1829; x_wconf 89' lang='lat' dir='ltr'>studium</span> <span class='ocrx_word' id='word_1_21' title='bbox 972 1763 1092 1841; x_wconf 85' lang='lat' dir='ltr'>docet,</span> <span class='ocrx_word' id='word_1_22' title='bbox 1131 1762 1174 1826; x_wconf 89' lang='lat' dir='ltr'>si·</span> 
     </span>
     <span class='ocr_line' id='line_1_4' title="bbox 126 1849 1175 1936; baseline 0 -24"><span class='ocrx_word' id='word_1_23' title='bbox 126 1851 257 1932; x_wconf 83' lang='lat' dir='ltr'>quidem</span> <span class='ocrx_word' id='word_1_24' title='bbox 287 1861 458 1936; x_wconf 89' lang='lat' dir='ltr'>utrumque</span> <span class='ocrx_word' id='word_1_25' title='bbox 481 1871 554 1914; x_wconf 92' lang='lat' dir='ltr'>cum</span> <span class='ocrx_word' id='word_1_26' title='bbox 576 1849 618 1914; x_wconf 91' lang='lat' dir='ltr'>iis</span> <span class='ocrx_word' id='word_1_27' title='bbox 640 1849 841 1930; x_wconf 79' lang='lat' dir='ltr'>temporibus</span> <span class='ocrx_word' id='word_1_28' title='bbox 866 1865 1060 1934; x_wconf 81' lang='lat' dir='ltr'>comparas,</span> <span class='ocrx_word' id='word_1_29' title='bbox 1090 1865 1175 1933; x_wconf 89' lang='lat' dir='ltr'>quaa</span> 
     </span>
     <span class='ocr_line' id='line_1_5' title="bbox 124 1929 1174 2019; baseline 0 -22"><span class='ocrx_word' id='word_1_30' title='bbox 124 1933 276 2000; x_wconf 90' lang='lat' dir='ltr'>insecuta</span> <span class='ocrx_word' id='word_1_31' title='bbox 303 1946 386 2000; x_wconf 88' lang='lat' dir='ltr'>sunt.</span> <span class='ocrx_word' id='word_1_32' title='bbox 434 1933 478 2000; x_wconf 91' lang='lat' dir='ltr'>Ut</span> <span class='ocrx_word' id='word_1_33' title='bbox 507 1935 591 1999; x_wconf 84' lang='lat' dir='ltr'>enirn</span> <span class='ocrx_word' id='word_1_34' title='bbox 622 1936 831 2019; x_wconf 86' lang='lat' dir='ltr'>pristinorum</span> <span class='ocrx_word' id='word_1_35' title='bbox 863 1929 1090 2000; x_wconf 89' lang='lat' dir='ltr'>Romanorum</span> <span class='ocrx_word' id='word_1_36' title='bbox 1121 1949 1174 1997; x_wconf 86' lang='lat' dir='ltr'>su·</span> 
     </span>
     <span class='ocr_line' id='line_1_6' title="bbox 124 2015 1173 2103; baseline 0 -21"><span class='ocrx_word' id='word_1_37' title='bbox 124 2019 241 2102; x_wconf 84' lang='lat' dir='ltr'>perbia</span> <span class='ocrx_word' id='word_1_38' title='bbox 263 2021 382 2085; x_wconf 88' lang='lat' dir='ltr'>virtute</span> <span class='ocrx_word' id='word_1_39' title='bbox 408 2020 530 2084; x_wconf 89' lang='lat' dir='ltr'>domini</span> <span class='ocrx_word' id='word_1_40' title='bbox 552 2015 682 2085; x_wconf 90' lang='lat' dir='ltr'>domum</span> <span class='ocrx_word' id='word_1_41' title='bbox 707 2019 882 2103; x_wconf 83' lang='lat' dir='ltr'>splendere</span> <span class='ocrx_word' id='word_1_42' title='bbox 905 2020 1084 2096; x_wconf 75' lang='lat' dir='ltr'>sentiebat,</span> <span class='ocrx_word' id='word_1_43' title='bbox 1116 2017 1173 2096; x_wconf 89' lang='lat' dir='ltr'>ita,</span> 
     </span>
     <span class='ocr_line' id='line_1_7' title="bbox 125 2099 1174 2188; baseline -0.003 -20"><span class='ocrx_word' id='word_1_44' title='bbox 125 2103 265 2170; x_wconf 89' lang='lat' dir='ltr'>simulac</span> <span class='ocrx_word' id='word_1_45' title='bbox 288 2127 362 2170; x_wconf 90' lang='lat' dir='ltr'>cum</span> <span class='ocrx_word' id='word_1_46' title='bbox 383 2117 480 2171; x_wconf 90' lang='lat' dir='ltr'>aucto</span> <span class='ocrx_word' id='word_1_47' title='bbox 502 2101 658 2188; x_wconf 88' lang='lat' dir='ltr'>imperio,</span> <span class='ocrx_word' id='word_1_48' title='bbox 682 2099 814 2170; x_wconf 87' lang='lat' dir='ltr'>labente</span> <span class='ocrx_word' id='word_1_49' title='bbox 838 2101 1032 2188; x_wconf 81' lang='lat' dir='ltr'>disciplina,</span> <span class='ocrx_word' id='word_1_50' title='bbox 1052 2120 1174 2180; x_wconf 86' lang='lat' dir='ltr'>mores,</span> 
     </span>
     <span class='ocr_line' id='line_1_8' title="bbox 125 2187 1250 2276; baseline 0.002 -24"><span class='ocrx_word' id='word_1_51' title='bbox 125 2199 162 2253; x_wconf 91' lang='lat' dir='ltr'>ut</span> <span class='ocrx_word' id='word_1_52' title='bbox 184 2210 257 2254; x_wconf 92' lang='lat' dir='ltr'>cnm</span> <span class='ocrx_word' id='word_1_53' title='bbox 279 2191 371 2274; x_wconf 83' lang='lat' dir='ltr'>Livio</span> <span class='ocrx_word' id='word_1_54' title='bbox 395 2189 530 2276; x_wconf 90' lang='lat' dir='ltr'>loquar,</span> <span class='ocrx_word' id='word_1_55' title='bbox 553 2189 642 2255; x_wconf 86' lang='lat' dir='ltr'>velut</span> <span class='ocrx_word' id='word_1_56' title='bbox 663 2187 869 2268; x_wconf 85' lang='lat' dir='ltr'>desidebant,</span> <span class='ocrx_word' id='word_1_57' title='bbox 891 2189 1023 2254; x_wconf 85' lang='lat' dir='ltr'>invecta</span> <span class='ocrx_word' id='word_1_58' title='bbox 1044 2187 1175 2254; x_wconf 74' lang='lat' dir='ltr'>luxurio</span> <span class='ocrx_word' id='word_1_59' title='bbox 1247 2219 1250 2224; x_wconf 89' lang='lat'><em>·</em></span> 
     </span>
    </p>
   </div>
   <div class='ocr_carea' id='block_1_2' title="bbox 1 2273 1173 2360">
    <p class='ocr_par' dir='ltr' id='par_1_2' title="bbox 1 2273 1173 2360">
     <span class='ocr_line' id='line_1_9' title="bbox 1 2273 1173 2360; baseline 0.003 -28"><span class='ocrx_word' id='word_1_60' title='bbox 1 2309 3 2332; x_wconf 45' lang='lat' dir='ltr'>r</span> <span class='ocrx_word' id='word_1_61' title='bbox 121 2273 275 2339; x_wconf 85' lang='lat' dir='ltr'>homines</span> <span class='ocrx_word' id='word_1_62' title='bbox 297 2275 410 2340; x_wconf 88' lang='lat' dir='ltr'>malult</span> <span class='ocrx_word' id='word_1_63' title='bbox 431 2276 545 2360; x_wconf 81' lang='lat' dir='ltr'>augeri</span> <span class='ocrx_word' id='word_1_64' title='bbox 568 2275 805 2341; x_wconf 85' lang='lat' dir='ltr'>domiciliorum</span> <span class='ocrx_word' id='word_1_65' title='bbox 829 2293 962 2340; x_wconf 89' lang='lat' dir='ltr'>suorum</span> <span class='ocrx_word' id='word_1_66' title='bbox 989 2274 1173 2359; x_wconf 86' lang='lat' dir='ltr'>majestate,</span> 
     </span>
    </p>
   </div>
   <div class='ocr_carea' id='block_1_3' title="bbox 41 2355 1173 2867">
    <p class='ocr_par' dir='ltr' id='par_1_3' title="bbox 41 2355 1173 2867">
     <span class='ocr_line' id='line_1_10' title="bbox 125 2355 1172 2444; baseline 0.002 -23"><span class='ocrx_word' id='word_1_67' title='bbox 125 2378 223 2444; x_wconf 89' lang='lat' dir='ltr'>quam</span> <span class='ocrx_word' id='word_1_68' title='bbox 244 2359 492 2427; x_wconf 84' lang='lat' dir='ltr'>inhabitantium</span> <span class='ocrx_word' id='word_1_69' title='bbox 522 2361 673 2426; x_wconf 89' lang='lat' dir='ltr'>laudibus</span> <span class='ocrx_word' id='word_1_70' title='bbox 702 2359 863 2444; x_wconf 83' lang='lat' dir='ltr'>aedilicia.</span> <span class='ocrx_word' id='word_1_71' title='bbox 908 2355 1021 2434; x_wconf 75' lang='lat' dir='ltr'>Quid?</span> <span class='ocrx_word' id='word_1_72' title='bbox 1055 2355 1083 2423; x_wconf 88' lang='lat' dir='ltr'>si</span> <span class='ocrx_word' id='word_1_73' title='bbox 1106 2378 1172 2423; x_wconf 82' lang='lat' dir='ltr'>ma·</span> 
     </span>
     <span class='ocr_line' id='line_1_11' title="bbox 151 2441 1171 2528; baseline 0.002 -22"><span class='ocrx_word' id='word_1_74' title='bbox 151 2442 180 2506; x_wconf 83' lang='lat' dir='ltr'>‘s</span> <span class='ocrx_word' id='word_1_75' title='bbox 211 2446 308 2510; x_wconf 88' lang='lat' dir='ltr'>ctiam</span> <span class='ocrx_word' id='word_1_76' title='bbox 338 2467 357 2510; x_wconf 95' lang='lat' dir='ltr'>e</span> <span class='ocrx_word' id='word_1_77' title='bbox 386 2443 553 2512; x_wconf 88' lang='lat' dir='ltr'>literarum</span> <span class='ocrx_word' id='word_1_78' title='bbox 587 2445 775 2511; x_wconf 89' lang='lat' dir='ltr'>conditione</span> <span class='ocrx_word' id='word_1_79' title='bbox 807 2443 872 2510; x_wconf 91' lang='lat' dir='ltr'>hoc</span> <span class='ocrx_word' id='word_1_80' title='bbox 906 2443 1051 2528; x_wconf 83' lang='lat' dir='ltr'>perspici</span> <span class='ocrx_word' id='word_1_81' title='bbox 1084 2441 1171 2508; x_wconf 77' lang='lat' dir='ltr'>licet.</span> 
     </span>
     <span class='ocr_line' id='line_1_12' title="bbox 157 2526 1173 2615; baseline 0.001 -24"><span class='ocrx_word' id='word_1_82' title='bbox 157 2549 210 2592; x_wconf 89' lang='lat' dir='ltr'>arn</span> <span class='ocrx_word' id='word_1_83' title='bbox 232 2550 306 2595; x_wconf 89' lang='lat' dir='ltr'>cunr</span> <span class='ocrx_word' id='word_1_84' title='bbox 329 2531 361 2595; x_wconf 90' lang='lat' dir='ltr'>in</span> <span class='ocrx_word' id='word_1_85' title='bbox 382 2530 457 2596; x_wconf 87' lang='lat' dir='ltr'>aliis</span> <span class='ocrx_word' id='word_1_86' title='bbox 474 2533 575 2596; x_wconf 88' lang='lat' dir='ltr'>rebus</span> <span class='ocrx_word' id='word_1_87' title='bbox 596 2529 756 2615; x_wconf 89' lang='lat' dir='ltr'>plurimis,</span> <span class='ocrx_word' id='word_1_88' title='bbox 776 2540 843 2594; x_wconf 88' lang='lat' dir='ltr'>turn</span> <span class='ocrx_word' id='word_1_89' title='bbox 863 2531 946 2612; x_wconf 84' lang='lat' dir='ltr'>(qua</span> <span class='ocrx_word' id='word_1_90' title='bbox 968 2529 1009 2592; x_wconf 89' lang='lat' dir='ltr'>dc</span> <span class='ocrx_word' id='word_1_91' title='bbox 1032 2548 1067 2593; x_wconf 94' lang='lat' dir='ltr'>rc</span> <span class='ocrx_word' id='word_1_92' title='bbox 1088 2526 1173 2593; x_wconf 84' lang='lat' dir='ltr'>alios</span> 
     </span>
     <span class='ocr_line' id='line_1_13' title="bbox 123 2612 1171 2700; baseline 0.001 -25"><span class='ocrx_word' id='word_1_93' title='bbox 123 2613 157 2676; x_wconf 94' lang='lat' dir='ltr'>in</span> <span class='ocrx_word' id='word_1_94' title='bbox 180 2612 265 2679; x_wconf 90' lang='lat' dir='ltr'>alias</span> <span class='ocrx_word' id='word_1_95' title='bbox 288 2627 399 2700; x_wconf 89' lang='lat' dir='ltr'>partes</span> <span class='ocrx_word' id='word_1_96' title='bbox 429 2615 599 2681; x_wconf 86' lang='lat' dir='ltr'>discedere</span> <span class='ocrx_word' id='word_1_97' title='bbox 620 2637 686 2681; x_wconf 92' lang='lat' dir='ltr'>non</span> <span class='ocrx_word' id='word_1_98' title='bbox 716 2615 849 2698; x_wconf 83' lang='lat' dir='ltr'>ignoro)</span> <span class='ocrx_word' id='word_1_99' title='bbox 873 2616 905 2678; x_wconf 93' lang='lat' dir='ltr'>in</span> <span class='ocrx_word' id='word_1_100' title='bbox 928 2613 1031 2680; x_wconf 87' lang='lat' dir='ltr'>literis</span> <span class='ocrx_word' id='word_1_101' title='bbox 1057 2631 1171 2696; x_wconf 84' lang='lat' dir='ltr'>respu-</span> 
     </span>
     <span class='ocr_line' id='line_1_14' title="bbox 41 2695 1172 2784; baseline -0.003 -20"><span class='ocrx_word' id='word_1_102' title='bbox 41 2745 44 2754; x_wconf 37' lang='grc' dir='ltr'><em>ι</em></span> <span class='ocrx_word' id='word_1_103' title='bbox 123 2696 212 2764; x_wconf 90' lang='lat' dir='ltr'>blica</span> <span class='ocrx_word' id='word_1_104' title='bbox 234 2700 385 2765; x_wconf 88' lang='lat' dir='ltr'>Romana</span> <span class='ocrx_word' id='word_1_105' title='bbox 407 2701 447 2765; x_wconf 89' lang='lat' dir='ltr'>iis</span> <span class='ocrx_word' id='word_1_106' title='bbox 469 2699 611 2765; x_wconf 85' lang='lat' dir='ltr'>saeculis</span> <span class='ocrx_word' id='word_1_107' title='bbox 633 2707 799 2784; x_wconf 87' lang='lat' dir='ltr'>praestat,</span> <span class='ocrx_word' id='word_1_108' title='bbox 850 2695 944 2763; x_wconf 89' lang='lat' dir='ltr'>uibus</span> <span class='ocrx_word' id='word_1_109' title='bbox 968 2701 1063 2764; x_wconf 89' lang='lat' dir='ltr'>unius</span> <span class='ocrx_word' id='word_1_110' title='bbox 1087 2698 1172 2761; x_wconf 89' lang='lat' dir='ltr'>arbi·</span> 
     </span>
     <span class='ocr_line' id='line_1_15' title="bbox 123 2781 1170 2867; baseline -0.001 -21"><span class='ocrx_word' id='word_1_111' title='bbox 123 2783 187 2847; x_wconf 91' lang='lat' dir='ltr'>trio</span> <span class='ocrx_word' id='word_1_112' title='bbox 224 2803 343 2867; x_wconf 86' lang='lat' dir='ltr'>parcre</span> <span class='ocrx_word' id='word_1_113' title='bbox 374 2794 552 2866; x_wconf 89' lang='lat' dir='ltr'>coeperunt</span> <span class='ocrx_word' id='word_1_114' title='bbox 581 2794 614 2846; x_wconf 85' lang='lat' dir='ltr'>et</span> <span class='ocrx_word' id='word_1_115' title='bbox 641 2792 821 2867; x_wconf 87' lang='lat' dir='ltr'>paruerunt</span> <span class='ocrx_word' id='word_1_116' title='bbox 879 2782 988 2845; x_wconf 91' lang='lat' dir='ltr'>omani</span> <span class='ocrx_word' id='word_1_117' title='bbox 1010 2781 1170 2845; x_wconf 87' lang='lat' dir='ltr'>homines.</span> 
     </span>
    </p>
   </div>
   <div class='ocr_carea' id='block_1_4' title="bbox 1 2861 1170 2957">
    <p class='ocr_par' dir='ltr' id='par_1_4' title="bbox 1 2861 1170 2957">
     <span class='ocr_line' id='line_1_16' title="bbox 1 2861 1170 2957; baseline -0.003 -25"><span class='ocrx_word' id='word_1_118' title='bbox 1 2934 2 2957; x_wconf 14' lang='grc' dir='ltr'>χ</span> <span class='ocrx_word' id='word_1_119' title='bbox 122 2866 214 2932; x_wconf 82' lang='lat' dir='ltr'>Prae</span> <span class='ocrx_word' id='word_1_120' title='bbox 244 2869 363 2936; x_wconf 86' lang='lat' dir='ltr'>ceteris</span> <span class='ocrx_word' id='word_1_121' title='bbox 392 2879 500 2931; x_wconf 88' lang='lat' dir='ltr'>autem</span> <span class='ocrx_word' id='word_1_122' title='bbox 529 2867 632 2932; x_wconf 87' lang='lat' dir='ltr'>literis</span> <span class='ocrx_word' id='word_1_123' title='bbox 663 2867 704 2930; x_wconf 88' lang='lat' dir='ltr'>de</span> <span class='ocrx_word' id='word_1_124' title='bbox 734 2861 829 2950; x_wconf 90' lang='lat' dir='ltr'>poesi</span> <span class='ocrx_word' id='word_1_125' title='bbox 858 2865 923 2930; x_wconf 90' lang='lat' dir='ltr'>hcc</span> <span class='ocrx_word' id='word_1_126' title='bbox 945 2862 1066 2930; x_wconf 90' lang='lat' dir='ltr'>dictum</span> <span class='ocrx_word' id='word_1_127' title='bbox 1089 2876 1170 2930; x_wconf 88' lang='lat' dir='ltr'>esto.</span> 
     </span>
    </p>
   </div>
   <div class='ocr_carea' id='block_1_5' title="bbox 123 2946 1172 3290">
    <p class='ocr_par' dir='ltr' id='par_1_5' title="bbox 123 2946 1172 3290">
     <span class='ocr_line' id='line_1_17' title="bbox 123 2946 1171 3038; baseline -0.002 -20"><span class='ocrx_word' id='word_1_128' title='bbox 123 2951 189 3030; x_wconf 84' lang='lat' dir='ltr'>At,</span> <span class='ocrx_word' id='word_1_129' title='bbox 213 2953 355 3038; x_wconf 88' lang='lat' dir='ltr'>undique</span> <span class='ocrx_word' id='word_1_130' title='bbox 378 2951 623 3017; x_wconf 77' lang='lat' dir='ltr'>coriolannmtcs</span> <span class='ocrx_word' id='word_1_131' title='bbox 644 2952 743 3016; x_wconf 90' lang='lat' dir='ltr'>audio</span> <span class='ocrx_word' id='word_1_132' title='bbox 765 2950 898 3035; x_wconf 85' lang='lat' dir='ltr'>linguae</span> <span class='ocrx_word' id='word_1_133' title='bbox 920 2951 1026 3034; x_wconf 86' lang='lat' dir='ltr'>magis</span> <span class='ocrx_word' id='word_1_134' title='bbox 1047 2946 1171 3016; x_wconf 85' lang='lat' dir='ltr'>Roma·</span> 
     </span>
     <span class='ocr_line' id='line_1_18' title="bbox 123 3031 1172 3122; baseline 0.001 -20"><span class='ocrx_word' id='word_1_135' title='bbox 123 3057 188 3102; x_wconf 86' lang='lat' dir='ltr'>nac</span> <span class='ocrx_word' id='word_1_136' title='bbox 217 3059 315 3122; x_wconf 88' lang='lat' dir='ltr'>qnam</span> <span class='ocrx_word' id='word_1_137' title='bbox 343 3039 465 3121; x_wconf 86' lang='lat' dir='ltr'>ingenii</span> <span class='ocrx_word' id='word_1_138' title='bbox 493 3037 633 3103; x_wconf 87' lang='lat' dir='ltr'>Romani</span> <span class='ocrx_word' id='word_1_139' title='bbox 662 3037 899 3114; x_wconf 87' lang='lat' dir='ltr'>admiratores,</span> <span class='ocrx_word' id='word_1_140' title='bbox 928 3037 1001 3122; x_wconf 88' lang='lat' dir='ltr'>quis</span> <span class='ocrx_word' id='word_1_141' title='bbox 1032 3031 1172 3118; x_wconf 83' lang='lat' dir='ltr'>Virgilio</span> 
     </span>
     <span class='ocr_line' id='line_1_19' title="bbox 123 3121 1170 3210; baseline 0.001 -24"><span class='ocrx_word' id='word_1_142' title='bbox 123 3143 205 3206; x_wconf 87' lang='lat' dir='ltr'>par,</span> <span class='ocrx_word' id='word_1_143' title='bbox 229 3142 324 3207; x_wconf 86' lang='lat' dir='ltr'>quem</span> <span class='ocrx_word' id='word_1_144' title='bbox 345 3121 481 3189; x_wconf 90' lang='lat' dir='ltr'>Horatio</span> <span class='ocrx_word' id='word_1_145' title='bbox 512 3141 683 3210; x_wconf 85' lang='lat' dir='ltr'>oppones,</span> <span class='ocrx_word' id='word_1_146' title='bbox 714 3123 788 3208; x_wconf 88' lang='lat' dir='ltr'>quis</span> <span class='ocrx_word' id='word_1_147' title='bbox 817 3123 961 3207; x_wconf 91' lang='lat' dir='ltr'>iniquum</span> <span class='ocrx_word' id='word_1_148' title='bbox 991 3139 1065 3188; x_wconf 86' lang='lat' dir='ltr'>cnm</span> <span class='ocrx_word' id='word_1_149' title='bbox 1093 3121 1170 3187; x_wconf 89' lang='lat' dir='ltr'>Pro·</span> 
     </span>
     <span class='ocr_line' id='line_1_20' title="bbox 123 3205 1170 3290; baseline -0.001 -19"><span class='ocrx_word' id='word_1_150' title='bbox 123 3209 229 3290; x_wconf 85' lang='lat' dir='ltr'>partio</span> <span class='ocrx_word' id='word_1_151' title='bbox 252 3219 416 3273; x_wconf 81' lang='lat' dir='ltr'>certamen</span> <span class='ocrx_word' id='word_1_152' title='bbox 439 3209 554 3274; x_wconf 81' lang='lat' dir='ltr'>inlblt‘l</span> <span class='ocrx_word' id='word_1_153' title='bbox 596 3205 706 3274; x_wconf 82' lang='lat' dir='ltr'>Audio</span> <span class='ocrx_word' id='word_1_154' title='bbox 736 3228 877 3285; x_wconf 87' lang='lat' dir='ltr'>aureae,</span> <span class='ocrx_word' id='word_1_155' title='bbox 906 3225 1004 3290; x_wconf 87' lang='lat' dir='ltr'>quarn</span> <span class='ocrx_word' id='word_1_156' title='bbox 1036 3217 1170 3286; x_wconf 85' lang='lat' dir='ltr'>vocant,</span> 
     </span>
    </p>
   </div>
   <div class='ocr_carea' id='block_1_6' title="bbox 1 3289 1171 3547">
    <p class='ocr_par' dir='ltr' id='par_1_6' title="bbox 1 3289 1171 3547">
     <span class='ocr_line' id='line_1_21' title="bbox 1 3289 1169 3377; baseline -0.002 -21"><span class='ocrx_word' id='word_1_157' title='bbox 1 3295 21 3373; x_wconf 14' lang='lat' dir='ltr'>i*</span> <span class='ocrx_word' id='word_1_158' title='bbox 123 3294 244 3358; x_wconf 86' lang='lat' dir='ltr'>aetatis</span> <span class='ocrx_word' id='word_1_159' title='bbox 272 3305 441 3377; x_wconf 87' lang='lat' dir='ltr'>patronos.</span> <span class='ocrx_word' id='word_1_160' title='bbox 485 3293 570 3374; x_wconf 87' lang='lat' dir='ltr'>Sed,</span> <span class='ocrx_word' id='word_1_161' title='bbox 599 3294 663 3358; x_wconf 90' lang='lat' dir='ltr'>nisi</span> <span class='ocrx_word' id='word_1_162' title='bbox 692 3311 773 3357; x_wconf 89' lang='lat' dir='ltr'>usus</span> <span class='ocrx_word' id='word_1_163' title='bbox 803 3291 868 3356; x_wconf 89' lang='lat' dir='ltr'>bac</span> <span class='ocrx_word' id='word_1_164' title='bbox 890 3293 987 3356; x_wconf 89' lang='lat' dir='ltr'>etiam</span> <span class='ocrx_word' id='word_1_165' title='bbox 1009 3289 1042 3354; x_wconf 94' lang='lat' dir='ltr'>in</span> <span class='ocrx_word' id='word_1_166' title='bbox 1063 3312 1099 3355; x_wconf 87' lang='lat' dir='ltr'>rc</span> <span class='ocrx_word' id='word_1_167' title='bbox 1121 3302 1169 3377; x_wconf 90' lang='lat' dir='ltr'>ty·</span> 
     </span>
     <span class='ocr_line' id='line_1_22' title="bbox 1 3373 1171 3460; baseline 0 -20"><span class='ocrx_word' id='word_1_168' title='bbox 1 3449 2 3454; x_wconf 8' lang='grc' dir='ltr'>ἵ</span> <span class='ocrx_word' id='word_1_169' title='bbox 123 3397 259 3442; x_wconf 91' lang='lat' dir='ltr'>rannum</span> <span class='ocrx_word' id='word_1_170' title='bbox 282 3399 360 3444; x_wconf 83' lang='lat' dir='ltr'>sese</span> <span class='ocrx_word' id='word_1_171' title='bbox 386 3377 567 3456; x_wconf 82' lang='lat' dir='ltr'>exhiberet,</span> <span class='ocrx_word' id='word_1_172' title='bbox 589 3399 655 3442; x_wconf 90' lang='lat' dir='ltr'>non</span> <span class='ocrx_word' id='word_1_173' title='bbox 676 3377 836 3460; x_wconf 84' lang='lat' dir='ltr'>Augusti,</span> <span class='ocrx_word' id='word_1_174' title='bbox 866 3375 926 3438; x_wconf 89' lang='lat' dir='ltr'>sed</span> <span class='ocrx_word' id='word_1_175' title='bbox 956 3373 1033 3440; x_wconf 90' lang='lat' dir='ltr'>belli</span> <span class='ocrx_word' id='word_1_176' title='bbox 1057 3375 1171 3442; x_wconf 89' lang='lat' dir='ltr'>Punici</span> 
     </span>
     <span class='ocr_line' id='line_1_23' title="bbox 21 3460 1169 3547; baseline 0 -21"><span class='ocrx_word' id='word_1_177' title='bbox 21 3460 22 3527; x_wconf 88' lang='lat' dir='ltr'>l</span> <span class='ocrx_word' id='word_1_178' title='bbox 124 3463 259 3528; x_wconf 88' lang='lat' dir='ltr'>secundi</span> <span class='ocrx_word' id='word_1_179' title='bbox 282 3475 429 3546; x_wconf 85' lang='lat' dir='ltr'>tempora</span> <span class='ocrx_word' id='word_1_180' title='bbox 450 3481 585 3528; x_wconf 89' lang='lat' dir='ltr'>auream</span> <span class='ocrx_word' id='word_1_181' title='bbox 601 3462 771 3528; x_wconf 87' lang='lat' dir='ltr'>Romanae</span> <span class='ocrx_word' id='word_1_182' title='bbox 791 3461 905 3547; x_wconf 83' lang='lat' dir='ltr'>poesis</span> <span class='ocrx_word' id='word_1_183' title='bbox 925 3471 1067 3526; x_wconf 89' lang='lat' dir='ltr'>aetatem</span> <span class='ocrx_word' id='word_1_184' title='bbox 1089 3481 1169 3526; x_wconf 90' lang='lat' dir='ltr'>nun·</span> 
     </span>
    </p>
   </div>
   <div class='ocr_carea' id='block_1_7' title="bbox 22 3543 1169 3822">
    <p class='ocr_par' dir='ltr' id='par_1_7' title="bbox 22 3543 1169 3822">
     <span class='ocr_line' id='line_1_24' title="bbox 22 3543 1169 3695; baseline 0.002 -85"><span class='ocrx_word' id='word_1_185' title='bbox 22 3592 23 3635; x_wconf 63' lang='lat'>;</span> <span class='ocrx_word' id='word_1_186' title='bbox 124 3567 289 3695; x_wconf 42' lang='lat' dir='ltr'>caparam.</span> <span class='ocrx_word' id='word_1_187' title='bbox 332 3549 447 3634; x_wconf 85' lang='lat' dir='ltr'>Neque</span> <span class='ocrx_word' id='word_1_188' title='bbox 476 3547 562 3614; x_wconf 85' lang='lat' dir='ltr'>enirn</span> <span class='ocrx_word' id='word_1_189' title='bbox 584 3546 760 3631; x_wconf 81' lang='lat' dir='ltr'>elegantia,</span> <span class='ocrx_word' id='word_1_190' title='bbox 783 3543 843 3611; x_wconf 88' lang='lat' dir='ltr'>scd</span> <span class='ocrx_word' id='word_1_191' title='bbox 866 3547 1013 3629; x_wconf 77' lang='lat' dir='ltr'>gravitas</span> <span class='ocrx_word' id='word_1_192' title='bbox 1035 3557 1169 3632; x_wconf 86' lang='lat' dir='ltr'>poetam</span> 
     </span>
     <span class='ocr_line' id='line_1_25' title="bbox 123 3631 1169 3710; baseline 0.001 -15"><span class='ocrx_word' id='word_1_193' title='bbox 123 3647 142 3695; x_wconf 87' lang='lat' dir='ltr'>e</span> <span class='ocrx_word' id='word_1_194' title='bbox 180 3633 234 3710; x_wconf 91' lang='lat' dir='ltr'>cit,</span> <span class='ocrx_word' id='word_1_195' title='bbox 257 3654 322 3698; x_wconf 91' lang='lat' dir='ltr'>non</span> <span class='ocrx_word' id='word_1_196' title='bbox 345 3635 450 3700; x_wconf 89' lang='lat' dir='ltr'>oratic</span> <span class='ocrx_word' id='word_1_197' title='bbox 472 3643 589 3699; x_wconf 90' lang='lat' dir='ltr'>ornata</span> <span class='ocrx_word' id='word_1_198' title='bbox 611 3644 644 3698; x_wconf 86' lang='lat' dir='ltr'>ct</span> <span class='ocrx_word' id='word_1_199' title='bbox 666 3631 896 3708; x_wconf 86' lang='lat' dir='ltr'>calamistrata,</span> <span class='ocrx_word' id='word_1_200' title='bbox 920 3632 992 3708; x_wconf 90' lang='lat' dir='ltr'>sed,</span> <span class='ocrx_word' id='word_1_201' title='bbox 1015 3641 1051 3696; x_wconf 91' lang='lat' dir='ltr'>ut</span> <span class='ocrx_word' id='word_1_202' title='bbox 1068 3631 1169 3706; x_wconf 88' lang='lat' dir='ltr'>Quin·</span> 
     </span>
     <span class='ocr_line' id='line_1_26' title="bbox 123 3715 1167 3822; baseline -0.002 -40"><span class='ocrx_word' id='word_1_203' title='bbox 123 3715 226 3783; x_wconf 90' lang='lat' dir='ltr'>tiliani</span> <span class='ocrx_word' id='word_1_204' title='bbox 241 3723 272 3800; x_wconf 77' lang='lat'>²)</span> <span class='ocrx_word' id='word_1_205' title='bbox 294 3718 365 3785; x_wconf 81' lang='lat' dir='ltr'>sare</span> <span class='ocrx_word' id='word_1_206' title='bbox 387 3721 496 3785; x_wconf 86' lang='lat' dir='ltr'>verbis</span> <span class='ocrx_word' id='word_1_207' title='bbox 519 3729 601 3794; x_wconf 86' lang='lat' dir='ltr'>utar,</span> <span class='ocrx_word' id='word_1_208' title='bbox 621 3729 739 3822; x_wconf 76' lang='lat' dir='ltr'>pectus</span> <span class='ocrx_word' id='word_1_209' title='bbox 761 3727 831 3796; x_wconf 90' lang='lat' dir='ltr'>est,</span> <span class='ocrx_word' id='word_1_210' title='bbox 861 3716 950 3800; x_wconf 87' lang='lat' dir='ltr'>quod</span> <span class='ocrx_word' id='word_1_211' title='bbox 980 3726 1097 3799; x_wconf 85' lang='lat' dir='ltr'>poetas</span> <span class='ocrx_word' id='word_1_212' title='bbox 1119 3715 1167 3780; x_wconf 82' lang='lat' dir='ltr'>fa·</span> 
     </span>
    </p>
   </div>
   <div class='ocr_carea' id='block_1_8' title="bbox 1 3796 1169 3974">
    <p class='ocr_par' dir='ltr' id='par_1_8' title="bbox 1 3796 1169 3974">
     <span class='ocr_line' id='line_1_27' title="bbox 1 3796 1169 3885; baseline 0.002 -21"><span class='ocrx_word' id='word_1_213' title='bbox 1 3840 26 3864; x_wconf 51' lang='grc' dir='ltr'>,ι</span> <span class='ocrx_word' id='word_1_214' title='bbox 123 3796 187 3880; x_wconf 83' lang='lat' dir='ltr'>cit,</span> <span class='ocrx_word' id='word_1_215' title='bbox 218 3813 252 3867; x_wconf 93' lang='lat' dir='ltr'>et</span> <span class='ocrx_word' id='word_1_216' title='bbox 285 3805 336 3869; x_wconf 87' lang='lat' dir='ltr'>vis</span> <span class='ocrx_word' id='word_1_217' title='bbox 368 3805 494 3873; x_wconf 87' lang='lat' dir='ltr'>mentis.</span> <span class='ocrx_word' id='word_1_218' title='bbox 547 3799 631 3868; x_wconf 77' lang='lat' dir='ltr'>Bella</span> <span class='ocrx_word' id='word_1_219' title='bbox 662 3802 777 3866; x_wconf 91' lang='lat' dir='ltr'>Punici</span> <span class='ocrx_word' id='word_1_220' title='bbox 807 3811 916 3865; x_wconf 89' lang='lat' dir='ltr'>autem</span> <span class='ocrx_word' id='word_1_221' title='bbox 948 3810 1058 3865; x_wconf 87' lang='lat' dir='ltr'>aetate</span> <span class='ocrx_word' id='word_1_222' title='bbox 1089 3810 1169 3885; x_wconf 87' lang='lat' dir='ltr'>quot</span> 
     </span>
     <span class='ocr_line' id='line_1_28' title="bbox 24 3883 1169 3974; baseline -0.001 -22"><span class='ocrx_word' id='word_1_223' title='bbox 24 3904 26 3915; x_wconf 70' lang='lat'><em>¹</em></span> <span class='ocrx_word' id='word_1_224' title='bbox 123 3888 299 3974; x_wconf 87' lang='lat' dir='ltr'>quantique</span> <span class='ocrx_word' id='word_1_225' title='bbox 330 3891 396 3955; x_wconf 87' lang='lat' dir='ltr'>vivi</span> <span class='ocrx_word' id='word_1_226' title='bbox 416 3888 597 3955; x_wconf 88' lang='lat' dir='ltr'>floruerunt</span> <span class='ocrx_word' id='word_1_227' title='bbox 616 3907 695 3952; x_wconf 85' lang='lat' dir='ltr'>vere</span> <span class='ocrx_word' id='word_1_228' title='bbox 723 3883 862 3950; x_wconf 86' lang='lat' dir='ltr'>literati!</span> <span class='ocrx_word' id='word_1_229' title='bbox 900 3903 967 3948; x_wconf 91' lang='lat' dir='ltr'>noo</span> <span class='ocrx_word' id='word_1_230' title='bbox 995 3885 1070 3950; x_wconf 90' lang='lat' dir='ltr'>dico</span> <span class='ocrx_word' id='word_1_231' title='bbox 1099 3903 1169 3950; x_wconf 85' lang='lat' dir='ltr'>um·</span> 
     </span>
    </p>
   </div>
   <div class='ocr_carea' id='block_1_9' title="bbox 122 3968 1167 4072">
    <p class='ocr_par' dir='ltr' id='par_1_9' title="bbox 122 3968 1167 4072">
     <span class='ocr_line' id='line_1_29' title="bbox 122 3968 1167 4072; baseline -0.004 -34"><span class='ocrx_word' id='word_1_232' title='bbox 122 3971 271 4053; x_wconf 86' lang='lat' dir='ltr'>bratiles,</span> <span class='ocrx_word' id='word_1_233' title='bbox 294 3973 403 4040; x_wconf 88' lang='lat' dir='ltr'>stilum</span> <span class='ocrx_word' id='word_1_234' title='bbox 427 3995 530 4072; x_wconf 83' lang='lat' dir='ltr'>saepe</span> <span class='ocrx_word' id='word_1_235' title='bbox 554 3983 718 4038; x_wconf 86' lang='lat' dir='ltr'>vertentes</span> <span class='ocrx_word' id='word_1_236' title='bbox 740 3981 773 4037; x_wconf 89' lang='lat' dir='ltr'>et</span> <span class='ocrx_word' id='word_1_237' title='bbox 791 3970 824 4035; x_wconf 90' lang='lat' dir='ltr'>io</span> <span class='ocrx_word' id='word_1_238' title='bbox 847 3968 999 4035; x_wconf 85' lang='lat' dir='ltr'>versibus</span> <span class='ocrx_word' id='word_1_239' title='bbox 1030 3989 1167 4035; x_wconf 83' lang='lat' dir='ltr'>exaran-</span> 
     </span>
    </p>
   </div>
   <div class='ocr_carea' id='block_1_10' title="bbox 23 4178 1169 4360">
    <p class='ocr_par' dir='ltr' id='par_1_10' title="bbox 23 4178 1169 4360">
     <span class='ocr_line' id='line_1_30' title="bbox 23 4178 1169 4286; baseline 0.003 -21"><span class='ocrx_word' id='word_1_240' title='bbox 23 4178 25 4189; x_wconf 40' lang='grc' dir='ltr'>Ι</span> <span class='ocrx_word' id='word_1_241' title='bbox 127 4238 131 4247; x_wconf 90' lang='grc'>-</span> <span class='ocrx_word' id='word_1_242' title='bbox 192 4215 227 4285; x_wconf 78' lang='lat' dir='ltr'>l)</span> <span class='ocrx_word' id='word_1_243' title='bbox 250 4213 475 4272; x_wconf 79' lang='lat' dir='ltr'>Wneatcmonn⁸r</span> <span class='ocrx_word' id='word_1_244' title='bbox 493 4213 612 4273; x_wconf 74' lang='lat' dir='ltr'>Pallan</span> <span class='ocrx_word' id='word_1_245' title='bbox 630 4216 680 4271; x_wconf 75' lang='lat' dir='ltr'>der</span> <span class='ocrx_word' id='word_1_246' title='bbox 698 4212 835 4270; x_wconf 65' lang='lat' dir='ltr'>masma.</span> <span class='ocrx_word' id='word_1_247' title='bbox 858 4228 927 4286; x_wconf 68' lang='lat' dir='ltr'>pap.</span> <span class='ocrx_word' id='word_1_248' title='bbox 942 4209 969 4276; x_wconf 76' lang='lat'>9,</span> <span class='ocrx_word' id='word_1_249' title='bbox 986 4226 1048 4281; x_wconf 70' lang='lat' dir='ltr'>sqq.</span> <span class='ocrx_word' id='word_1_250' title='bbox 1083 4209 1115 4278; x_wconf 70' lang='lat' dir='ltr'>i)</span> <span class='ocrx_word' id='word_1_251' title='bbox 1133 4207 1169 4267; x_wconf 72' lang='lat' dir='ltr'>tle</span> 
     </span>
     <span class='ocr_line' id='line_1_31' title="bbox 122 4295 455 4360; baseline 0.009 -9"><span class='ocrx_word' id='word_1_252' title='bbox 122 4295 192 4352; x_wconf 77' lang='lat' dir='ltr'>lost.</span> <span class='ocrx_word' id='word_1_253' title='bbox 214 4295 297 4354; x_wconf 86' lang='lat' dir='ltr'>Orat.</span> <span class='ocrx_word' id='word_1_254' title='bbox 315 4299 351 4355; x_wconf 82' lang='lat' dir='ltr'>x.</span> <span class='ocrx_word' id='word_1_255' title='bbox 369 4301 394 4354; x_wconf 87' lang='grc'>7.</span> <span class='ocrx_word' id='word_1_256' title='bbox 415 4300 455 4360; x_wconf 72' lang='lat' dir='ltr'>ld.</span> 
     </span>
    </p>
   </div>
   <div class='ocr_carea' id='block_1_11' title="bbox 860 4389 877 4450">
    <p class='ocr_par' dir='ltr' id='par_1_11' title="bbox 860 4389 877 4450">
     <span class='ocr_line' id='line_1_32' title="bbox 860 4389 877 4450; baseline 0 0"><span class='ocrx_word' id='word_1_257' title='bbox 860 4389 877 4450; x_wconf 94' lang='lat'>1</span> 
     </span>
    </p>
   </div>
   <div class='ocr_carea' id='block_1_12' title="bbox 0 0 1436 4944">
    <p class='ocr_par' dir='ltr' id='par_1_12' title="bbox 0 0 1436 4944">
     <span class='ocr_line' id='line_1_33' title="bbox 0 0 1436 4944; baseline 0 1"><span class='ocrx_word' id='word_1_258' title='bbox 0 0 1436 4944; x_wconf 95' lang='lat' dir='ltr'> </span> 
     </span>
    </p>
   </div>
  </div>
 </body>
</html>
