2864 4944
540 429 588 446 -.
640 389 687 463 61
744 429 789 441 ..

148 571 313 636 addidisse
334 567 462 635 Merula
474 575 506 650 ¹)
535 567 695 636 affirmat:
728 570 928 638 deordinata
951 573 1081 658 insipat·
1103 573 1184 638 orti-

145 655 222 742 ficio
246 665 451 742 enopperont
478 664 511 720 et
536 663 657 739 paena
677 662 709 720 et
730 665 898 736 oratores,
927 668 1054 724 veteres
1072 662 1182 743 impri-

148 747 218 822 nrr‘s,
240 751 453 827 tempestates,
475 743 611 806 nuatum
631 745 842 826 incitationes,
867 745 993 810 erbtrnn
1014 765 1181 831 oppnpno-

148 833 260 906 tiones,
285 833 392 895 tuctur
411 837 443 892 et
460 829 610 913 ponticos
630 837 662 894 et
680 832 832 912 priuatos
852 839 884 894 et
905 833 1003 896 totio.
1016 877 1044 895 ..
1070 833 1181 910 Quon-

148 925 183 980 to
212 925 317 981 annm
344 915 460 978 erudito
488 935 618 979 snorum
648 915 745 980 alode
770 918 950 1003 formidine
976 921 1183 982 conmunire·

146 1005 215 1066 rint
238 1000 317 1086 (lag.
347 1003 600 1066 contremuerint
627 1021 701 1066 oum
731 1001 922 1088 Soaiigero)
954 1004 1056 1090 nsit,
1088 1023 1184 1088 quant

146 1096 279 1171 reperite
310 1090 373 1151 imo
402 1095 489 1152 motu
517 1090 648 1152 ittoruae
675 1088 774 1152 animi
806 1091 1027 1168 conciderint,
1062 1087 1184 1157 uruntur

147 1176 231 1238 libro
251 1176 385 1258 septimo
401 1175 622 1250 dissolutione,
644 1174 680 1236 id
697 1177 908 1256 estuatione,
931 1176 1087 1241 describit
1110 1182 1184 1242 orte

147 1281 244 1346 qnam
269 1261 474 1324 Naevius...
511 1259 657 1324 Naeuius
677 1261 712 1322 in
734 1263 832 1324 tertio

250 1379 298 1436 sie
322 1369 443 1434 Poener'
462 1378 703 1436 contremiscunt
724 1377 864 1450 artibns‚·
886 1378 1065 1438 universam

250 1463 375 1538 magnei
395 1468 496 1518 noetus
518 1463 667 1519 tumultus
686 1469 818 1536 pectora
840 1464 1002 1536 possidet,-

250 1565 377 1606 coesom
396 1545 512 1622 surrero
534 1549 671 1622 opiloni,
693 1549 862 1623 exsequias
885 1549 989 1606 r'tr'tont

249 1633 518 1709 temulentiunrque
541 1633 652 1690 tollunt
669 1629 796 1708 sestam.

145 1737 203 1803 Sic
222 1733 369 1815 Merula,
401 1757 496 1823 quern
525 1735 592 1801 hoo
612 1737 803 1821 praesertim
831 1734 908 1800 loeo
928 1732 1054 1802 fraudis
1077 1738 1183 1822 suspi-

88 1879 90 1886 .
145 1825 273 1888 cionem
295 1824 350 1887 vix
372 1823 516 1908 effugere
547 1843 649 1908 posse
677 1823 924 1898 Hermannus2)
948 1825 1080 1888 monuit.
1124 1826 1183 1889 Sa·

146 1911 271 1974 curandus
307 1929 423 1973 versus
458 1907 545 1993 apud
575 1909 714 1972 Nonium
733 1913 765 1991 3)
796 1909 892 1972 etiarn
921 1908 1083 1974 invenitur
1112 1911 1184 1976 sine

144 1995 213 2060 ulio
235 1994 308 2059 libri
329 1996 467 2072 indicio,
496 1997 542 2060 ita
564 2005 599 2058 ut
621 2015 640 2059 e
661 1996 831 2077 tragoedia
860 1993 970 2080 aliqua
1001 1995 1183 2061 desumturn

146 2103 219 2146 eum
240 2102 317 2146 esse
347 2092 379 2145 et
408 2081 612 2144 Hermaunus
642 2091 676 2144 et
704 2079 887 2164 norhaisr)
917 2091 1039 2163 putent.
1084 2083 1182 2164 Apud

145 2167 286 2234 Nonium
301 2165 683 2250 autemhaeolegunturt
705 2175 805 2231 metor
815 2168 994 2232 masculini.
1020 2163 1182 2232 Naeuius:

311 2287 416 2360 mupnt'
435 2291 535 2342 metus
555 2285 704 2344 turnultus
721 2292 852 2358 pectora
873 2287 1024 2360 possidet,

146 2409 211 2474 quo
229 2386 306 2452 loeo
326 2389 524 2452 novissimos
538 2387 638 2452 miter
651 2389 748 2452 Nonii
758 2389 911 2466 editores
926 2391 980 2472 qui
996 2411 1014 2452 e
1030 2388 1133 2468 libris,
1148 2403 1185 2457 ut

146 2475 272 2537 videtur
286 2474 524 2554 manuscriptis,
534 2475 621 2536 intus
630 2494 690 2555 pro
699 2472 991 2556 metusediderunt3
1003 2488 1091 2540 reete
1101 2477 1184 2543 enirn

145 2559 178 2622 in
190 2558 382 2621 editionibus
393 2557 541 2622 omnibus
550 2567 649 2622 metus
659 2556 786 2642 legitur,
796 2559 881 2642 quod
891 2561 919 2622 si
929 2560 1003 2624 loeo
1013 2563 1185 2649 cedereju·

146 2646 240 2720 beas9
257 2645 330 2726 ipsa
343 2643 398 2707 itta
416 2663 491 2722 voa,
507 2643 539 2707 in
557 2643 649 2732 oujus
665 2644 802 2726 gratiam
812 2643 935 2708 Nonius
950 2666 1080 2710 versum
1095 2648 1183 2716 huuc

86 2799 89 2810 y
143 2725 343 2795 Naeviauum
355 2729 460 2808 affert,
472 2730 574 2794 deest.
608 2729 674 2794 Sed
687 2750 727 2793 ne
740 2729 780 2793 de
792 2729 882 2794 libris
892 2731 1031 2814 quidem,
1048 2753 1185 2814 quorum

143 2818 339 2882 auctoritate
356 2817 579 2879 riuotiversum
587 2811 790 2878 Naevianum
798 2815 1000 2889 mutaverint,
1011 2815 1185 2900 quidquam

143 2911 341 2968 annotarunt
374 2903 532 2966 duumviri
560 2900 627 2978 nli,
647 2903 740 2988 justo
767 2901 899 2984 saepius
921 2899 1184 2983 negligentiores·

228 2979 355 3051 Versus
383 2988 412 3051 si
442 3006 520 3051 vere
550 2987 709 3051 Naeviuui
741 2998 833 3063 sunt,
867 3007 931 3050 nou
961 2991 1185 3055 necessarium

143 3073 270 3150 habeo,
303 3084 338 3138 ut
360 3093 434 3137 oum
456 3072 647 3158 scaligero,
669 3072 817 3152 Merula,
839 3074 1045 3144 Hermanno.
1078 3075 1184 3158 Span-

145 3159 340 3244 genbergio,
368 3159 538 3225 Schuettio
567 3159 740 3225 universim
763 3159 908 3243 legatur,
938 3179 1012 3224 oum
1040 3163 1185 3228 uniuersi

142 3256 351 3330 opponantur
372 3246 509 3330 singulis
522 3247 566 3330 ⁵).
608 3246 832 3329 Quamquam,
863 3257 898 3308 ut
919 3246 1051 3326 egregie
1075 3261 1185 3314 monet

142 3333 364 3406 HermannuS,
393 3332 425 3394 in
446 3333 528 3414 ipsis
557 3331 708 3414 genitivis
736 3331 915 3394 contractis
945 3333 1129 3396 andrensem
1151 3345 1185 3399 et

142 3437 270 3483 caestum
299 3419 515 3498 importunum
544 3417 716 3479 vetustatis
746 3415 886 3478 studium
918 3413 1006 3480 latet.
1058 3418 1184 3488 versus

141 3505 206 3590 ipsi
226 3509 335 3568 autem
353 3499 430 3580 alio,
453 3521 549 3586 quarn
571 3522 591 3566 a
609 3499 734 3564 Merula
755 3499 877 3565 iactum
900 3515 962 3580 est,
985 3504 1081 3568 modo
1104 3527 1182 3570 oon·

144 3589 306 3660 stitueudi
320 3599 405 3650 sunt.
449 3585 671 3664 Hermannus,
705 3599 862 3672 sequente
884 3587 1073 3670 schoenis,
1095 3587 1185 3678 apud

144 3697 241 3764 quem
262 3686 370 3738 tanuen
393 3693 505 3736 errore
527 3673 728 3759 typothetieo
748 3678 870 3760 statuere
891 3673 1027 3757 legitur:

270 3766 314 3822 sie
337 3765 433 3822 Poeni
457 3765 695 3825 contremiseunt
718 3766 833 3823 artibus
855 3766 1039 3824 universimz

267 3849 370 3928 magni
392 3854 490 3908 metus
513 3849 660 3908 tumultus
683 3850 810 3925 pectora
831 3849 986 3926 possidet;

268 3975 595 3996 .......
640 3953 762 3992 caesum
784 3935 894 3994 funera
917 3935 1033 4012 agitant

270 4022 428 4095 exsequias
451 4022 562 4094 ititaut,
585 4019 853 4096 temulentiamque
875 4019 990 4079 tollunt

268 4107 388 4166 festam.
979 4111 985 4116 “

139 4216 346 4228 ——u———n

138 4258 480 4381 mal-dpuptw.
532 4255 799 4328 ”misti-⁰3²·
853 4256 921 4322 dh.
948 4273 973 4312 a·
998 4263 1091 4311 mnas
1114 4273 1182 4330 pap.

142 4326 464 4451 racrr.⁰i;⁰a·,¹„‘¹‚52g{rrt.
515 4326 670 4400 afropm.
697 4333 773 4400 trop.
787 4343 820 4398 n·
838 4325 881 4380 tt.
925 4327 969 4394 ha)
993 4325 1186 4390 mateteriam
