2890 4948
674 395 949 470 -1tt-

279 579 484 646 Daentaems
506 579 669 662 opinatur,
684 573 854 652 Welckeri
874 578 1121 658 senteutiaffest.
1165 573 1327 659 llllngitum

279 669 376 750 enim,
397 687 460 728 nou
483 663 633 747 rugitum,
655 661 758 728 fuisse
781 661 871 726 illuni
894 687 1029 747 sonum,
1050 685 1092 728 ex
1114 661 1328 747 Aeschyleae

279 751 469 835 tragoediae
488 749 672 843 fragmento
694 759 854 834 apparet:

488 863 761 944 ravoeloJBoyyot
784 861 815 926 ὁ>
844 861 1100 941 &nonuncium

488 953 596 1013 ποθεν
618 948 657 1018 ἐξ
680 950 846 1030 ἀφανοῦς
868 949 1019 1029 φοβεροὶ
1043 949 1201 1027 claust),

280 1079 366 1146 quac
386 1061 488 1123 verba
502 1059 696 1124 Welclrerus
717 1071 813 1123 recte·
829 1060 874 1122 ita
891 1059 1133 1142 interpretatur,
1156 1067 1191 1120 ut
1216 1053 1327 1119 eloco

272 1143 388 1212 'oculis
419 1148 579 1211 subducto
610 1151 713 1210 sohos
742 1157 908 1209 taurorum
943 1145 1016 1208 voci
1049 1142 1171 1208 similes
1194 1142 1329 1214 ,auditos

282 1253 358 1296 esse
378 1232 466 1298 dicat
478 1237 519 1314 2).
563 1233 628 1296 Sed
649 1251 749 1316 aquo
766 1233 887 1311 emissi,
910 1252 1045 1316 quaeso,
1068 1229 1102 1293 hi
1119 1241 1212 1294 erant
1228 1226 1328 1291 soni?

285 1319 402 1382 Mutae
430 1315 660 1403 qttadtutpedes
682 1339 747 1382 non
772 1319 885 1382 dubito
907 1320 983 1402 quin
1016 1319 1109 1402 ipsae
1132 1315 1285 1380 Bacchae
1309 1335 1330 1378 a

282 1403 434 1487 Lcurgo
459 1406 627 1484 dicantur,
657 1426 741 1490 quas
763 1404 828 1468 alio
851 1403 971 1488 low)
993 1425 1100 1488 pecua
1133 1413 1241 1467 vocat.
1289 1401 1330 1464 Iu

282 1427 377 1555 silvis
399 1491 484 1554 enim
514 1491 569 1555 vel
598 1494 701 1556 antris
724 1494 821 1555 houm
851 1491 956 1555 instar
988 1489 1140 1554 Bacchas
1172 1488 1329 1570 mugisse,

282 1597 325 1642 ex
352 1577 505 1661 Euripide
519 1579 552 1661 4)
588 1591 698 1644 notum
727 1589 787 1641 est.
846 1577 961 1662 Neque
991 1577 1181 1660 Satyrorum
1215 1594 1331 1637 vocem

283 1684 302 1728 e
325 1685 439 1728 uorum
461 1663 597 1728 hinnitui
619 1675 650 1728 et
672 1663 852 1728 hoedorum
874 1663 994 1728 balatui
1018 1661 1194 1728 dissimiles
1215 1659 1331 1742 fuisse,

276 1685 450 1814 ¹Plutarchi
466 1748 561 1813 locus
583 1771 605 1814 a
619 1749 797 1814 Welckern
810 1750 843 1834 5)
866 1749 1029 1832 allegatus
1052 1751 1161 1826 docet,
1177 1769 1241 1833 qua
1256 1748 1333 1830 ipsa

282 1836 324 1900 de
346 1829 449 1900 cause
471 1836 608 1920 Satyros
631 1836 758 1901 hoedos
781 1837 886 1900 dictos
905 1835 1008 1900 fuisse
1031 1823 1118 1900 dicit.

367 1944 479 2010 Verba
500 1945 645 2030 Lycurgi
671 1959 757 2023 sunt,
781 1946 934 2010 Bacchas
956 1948 989 2010 iu
1014 1965 1167 2010 carceres
1185 1943 1261 2008 duci
1278 1943 1332 2027 ju·

282 2032 442 2114 bentis⁶).
492 2031 607 2097 Menas
637 2046 745 2098 autem
776 2033 1007 2119 quadrupedes
1040 2029 1191 2096 Bacchas
1221 2039 1333 2106 vocat,

282 2128 350 2183 tum
362 2119 448 2201 quod
458 2120 690 2202 quadrupedes
707 2141 790 2184 voce
807 2119 1025 2196 imitabantur,
1041 2130 1108 2188 tum
1125 2116 1210 2201 quod
1228 2123 1336 2179 mutae

281 2204 434 2270 dicuntur
455 2205 613 2271 animalia
634 2206 843 2291 oppositione
871 2208 1040 2290 μερόπων
1073 2204 1333 2287 ἄνθρώπωνῖ).

284 2585 345 2651 bro
365 2499 558 2651 15¹⁰an
592 2524 696 2570 arvae
713 2507 882 2594 feminino.
932 2503 1082 2594 Naevius
1111 2501 1266 2592 Lycuryo
1297 2503 1335 2568 ιῑ.

408 2705 712 2784 quaqua-incedant
735 2711 841 2770 omnes
862 2726 958 2768 arnae
974 2708 1126 2766 obterunt.

282 2811 340 2877 Sic
362 2811 435 2876 libri
456 2793 682 2896 manuscripii.
728 2813 932 2880 Felicissime
955 2812 1064 2877 locum
1085 2813 1131 2876 ita
1152 2809 1337 2876 restituisse

281 2897 480 2963 Mercarinm
502 2899 696 2981 praedicant
718 2900 857 2965 Bothius
879 2913 912 2965 et
932 2898 1157 2964 Dueutzerus:

410 3013 522 3086 Liberi,
546 3015 859 3090 quaqua-incedunt,
884 3035 990 3074 omnes
1015 3033 1101 3073 arvus
1125 3015 1280 3074 obterunt.

281 3111 479 3178 quamquam
508 3094 649 3160 Bothius
683 3097 849 3183 quaqaud·
869 3095 980 3180 legere
1015 3095 1148 3158 mavult.
1202 3093 1338 3157 Minime

282 3197 381 3254 verm
412 3180 523 3246 omniu
552 3183 784 3266 sanissima9).
829 3185 972 3258 Quinam
995 3183 1101 3258 enim,
1131 3180 1161 3244 si
1184 3178 1338 3243 Mercerii

258 3264 505 3348 'amplecteris‘
523 3270 803 3348 emendationem,
834 3271 880 3334 illi
912 3278 1006 3346 sunt,
1039 3268 1093 3352 qui
1116 3266 1225 3331 Liberi
1255 3284 1339 3329 aava

281 3352 459 3416 obterunt?
492 3352 679 3438 Lyeurgine
701 3357 864 3422 ministri?
894 3356 984 3420 Haec
1008 3355 1136 3438 quidem
1157 3352 1339 3418 Duentaeri

280 3437 463 3520 explicatio
483 3451 554 3517 est,
588 3442 642 3526 qui
677 3443 824 3510 Silenum
856 3441 990 3508 Baccho
1014 3457 1181 3522 exponere
1212 3438 1338 3515 statuit,

279 3524 323 3590 ab
347 3524 469 3614 Edonis
491 3543 605 3592 omnes
630 3529 714 3594 vites
734 3529 845 3594 deleri.
892 3529 938 3593 At
960 3529 1000 3592 de
1022 3526 1134 3590 Sileno
1159 3537 1258 3609 capto
1283 3544 1339 3588 co·

277 3608 387 3692 gitare
406 3630 590 3686 ,vereorne
603 3615 764 3680 audacius
786 3617 848 3692 sit,
871 3627 1011 3698 et,.oum
1033 3614 1177 3696 numam
1196 3613 1228 3675 in
1254 3611 1338 3675 Edo-

278 3715 357 3762 num
383 3716 523 3780 rognum
552 3699 738 3768 Bacchiaus
769 3702 891 3788 ingruit
921 3698 1098 3778 tumultus,
1131 3720 1154 3764 a
1181 3697 1338 3782 Lycurgo

286 3852 495 3868 m

352 3941 382 4008 1)
402 3943 483 4014 apud
501 3939 635 4000 Strabone
651 3945 685 4000 X.
711 3933 780 4021 pay.
796 3945 848 4002 tto
862 3930 932 4002 ‘Cas
983 3946 1012 4014 2)
1039 3943 1165 4018 Trtloyle
1189 3961 1258 4018 pay.
1277 3943 1337 3998 ott.

279 4023 315 4097 B)
333 4025 443 4099 fraym.
460 4028 500 4082 tt.
555 4031 585 4100 4)
605 4029 624 4083 l.
645 4029 662 4084 l.
682 4031 731 4088 tot
751 4031 824 4102 Dcll.
875 4035 905 4102 5)
926 4031 1078 4104 Nachtray
1089 4049 1122 4104 p.
1145 4029 1200 4085 tro.
1248 4029 1277 4096 6)
1298 4026 1337 4097 cs.

283 4112 389 4184 Eurtp.
418 4111 526 4168 Bacch.
543 4113 594 4198 im
620 4119 648 4167 et
672 4116 749 4180 509.Ὶ
787 4119 815 4186 7)
841 4115 973 4172 Dorotlle
1000 4119 1040 4172 ad
1060 4117 1122 4172 cta
1139 4120 1171 4171 tt.
1199 4133 1268 4189 pay.
1287 4113 1339 4169 666

268 4194 370 4251 'Beclc
380 4213 390 4263 3
418 4198 455 4252 de
472 4198 534 4252 alia
551 4197 639 4270 liujus
665 4199 796 4256 vocabuli
812 4204 928 4258 notione
944 4203 984 4274 cf.
1002 4203 1132 4259 Dorotlle
1150 4202 1169 4256 l.
1184 4202 1203 4258 l.
1217 4218 1251 4274 p.
1268 4199 1339 4262 353,-

279 4277 366 4335 θέσει
384 4267 425 4336 ml
443 4269 536 4336 vCicer.
553 4283 592 4338 tle
609 4281 706 4339 Dtolta
723 4283 755 4340 ll.
777 4287 817 4343 tt.
833 4287 876 4342 29.
928 4285 959 4357 B)
978 4299 1043 4343 a'o.
1062 4303 1136 4344 arva
1152 4301 1222 4360 pay.
1235 4279 1337 4339 lutat.

279 4366 327 4418 tet
346 4363 381 4419 G.
436 4365 468 4438 9)
488 4367 528 4437 cf.
544 4385 613 4441 pay.
631 4370 786 4427 tta-etlott.
912 4363 925 4390 ”
