2890 4948
497 419 773 500 ..109-

112 599 327 684 fragminibus
357 621 377 667 a
409 598 616 688 conjiciendo
647 619 714 666 non
744 601 896 666 abstinui.
952 601 1048 676 Quae
1077 604 1164 670 anim

111 689 155 752 ad
177 687 393 772 explicandas
422 687 578 772 reliquias
609 688 807 770 interpretes
835 685 1032 767 attulerunt,
1061 691 1164 754 maxi·

111 794 198 838 mam
220 785 347 857 partem
368 784 426 838 aut
447 773 535 838 salsa
556 785 613 838 aut
636 773 758 838 nullius
780 776 935 839 momenti
956 786 1042 840 sunt.
1086 775 1163 840 Noli

111 879 192 923 vero
215 860 355 948 mirari,
379 863 465 944 quod
488 861 647 924 Naevium
680 859 876 944 eLycurgc
909 861 1100 944 Aeschylca
1131 872 1164 927 et

110 945 258 1011 Pentheo
275 946 454 1030 Euripidca
476 961 571 1012 suam
594 948 824 1029 composuisse
845 945 988 1012 fabulam
1012 950 1095 1027 dixi;
1117 950 1164 1014 ita

111 1033 198 1095 enim
220 1033 251 1096 in
274 1033 457 1097 scribendis
479 1031 600 1098 fabulis
623 1045 654 1097 et
671 1033 828 1098 Naevium
850 1033 1030 1098 etEnnium
1053 1034 1164 1118 egisse

110 1119 243 1183 disertis
265 1117 437 1184 Terentius
454 1121 485 1204 ι)
508 1120 619 1184 verbis
641 1117 791 1183 affirmat.
836 1119 963 1192 Quodsi
980 1121 1115 1184 Pahlius
1130 1124 1162 1204 ²)
1248 1151 1255 1168 ·

108 1207 144 1268 in
166 1205 327 1269 Naevium
347 1204 433 1270 haee
455 1207 576 1270 cadere
598 1217 711 1292 negat,
733 1204 872 1284 fallitur3
897 1227 988 1290 nam,
1012 1207 1162 1292 quamvis

110 1293 153 1354 de
174 1290 311 1356 comicis
342 1291 463 1356 fabulis
493 1313 566 1356 cum
597 1313 636 1356 eo
661 1293 846 1356 consentire
866 1294 997 1374 possis,
1028 1295 1069 1356 de
1097 1306 1162 1358 tra·
1265 1357 1268 1368 ,

110 1379 239 1460 goediis
264 1387 373 1441 tamen
396 1378 511 1462 negari
542 1377 621 1441 illud
653 1378 784 1441 omnino
808 1379 928 1462 nequit.
973 1379 1162 1444 Naevianae

110 1461 199 1528 eni'm
225 1464 428 1542 comoediae,
451 1475 564 1546 utpote
588 1475 731 1528 veterem
754 1464 937 1528 Atticorum
960 1467 1162 1530 comoediam

108 1550 276 1628 imitatae,
325 1550 382 1614 vix
420 1569 440 1614 e
477 1551 606 1614 duabus
642 1548 765 1615 fabulis
801 1551 835 1615 in
875 1565 973 1616 unam
1010 1551 1163 1637 componi

109 1647 273 1720 poterant.
671 1627 674 1655 '

197 1741 360 1832 Aeschyli
388 1739 574 1831 Lycurgiae
605 1741 692 1832 quod
723 1741 821 1810 inerit
849 1757 1092 1831 argumentum,
1115 1754 1163 1834 ⁴et

109 1833 310 1902 Welckerus
326 1839 357 1913 3)
391 1844 424 1897 et
453 1835 661 1898 Hermannus
676 1835 709 1918 4)
739 1833 994 1917 descripserunt.
1043 1835 1161 1900 Totius

109 1923 160 1987 rei
182 1943 311 1986 summa
332 1941 372 1985 eo
394 1920 495 1984 redit:
526 1921 558 1984 in
580 1920 708 1986 Edonis
739 1921 868 2009 capitur
895 1921 1049 1986 Bacchus
1078 1933 1110 1986 et
1140 1942 1163 1986 a

109 2005 264 2094 Lycurgo
296 2007 464 2072 saeviente
493 2029 566 2072 cum
597 1999 753 2070 ministris
783 2002 853 2070 suis
876 2009 1001 2070 carceri
1024 2005 1161 2072 includi*

109 2106 179 2174 tur;
212 2094 244 2158 in
268 2091 499 2158 Bassaridibns
522 2093 577 2177 qni
600 2087 697 2158 modo
720 2093 798 2157 victi
821 2093 907 2156 etin
930 2087 1061 2158 vincula
1085 2108 1162 2157 con*

104 2181 189 2268 jecti
211 2191 315 2262 erant,
337 2180 448 2243 divino
471 2179 594 2244 auxilio
617 2179 763 2262 liberati,
779 2180 929 2264 injuriam
952 2181 1014 2244 sibi
1037 2179 1163 2246 illatam

110 2267 332 2346 ulciscuntur3
355 2266 389 2332 in
411 2266 585 2330 Neaniscis
608 2267 746 2350 denique
769 2266 888 2343 Edoni,
912 2267 1024 2349 agnita
1046 2265 1106 2330 Dei
1128 2265 1163 2330 vi

67 2386 69 2390 ·
110 2365 146 2418 et
168 2354 336 2437 potentia,
367 2373 442 2415 cum
464 2352 537 2434 ipso
556 2351 713 2434 Lycurgo
742 2353 815 2436 ejus
838 2372 937 2416 sacra
958 2351 1160 2434 amplectun-

110 2451 176 2502 tur.
221 2437 427 2519 Quamquam
460 2437 501 2499 de
530 2435 718 2500 Neaniscis
738 2438 846 2500 minus
888 2448 1028 2502 constat.
1069 2438 1162 2504 Idem

110 2521 260 2606 Lycurgi
289 2521 480 2584 Naevianac
511 2531 737 2602 argumentum
775 2533 835 2586 est.
889 2521 983 2594 Quae
1012 2544 1086 2588 eum
1114 2525 1162 2588 ita

110 2611 201 2687 sint,
223 2606 328 2686 male,
350 2607 382 2670 ni
404 2605 520 2686 fallor,
545 2607 642 2670 Nonii
665 2609 785 2692 verba,
817 2604 934 2692 quibus
958 2603 1045 2672 hanc
1067 2609 1160 2676 fabu-

110 2694 178 2760 lam
201 2693 315 2764 affert.
347 2693 502 2757 mutanda
533 2704 731 2757 censuerunt
764 2689 947 2779 quicunque
977 2696 1017 2758 de
1039 2693 1104 2759 hac
1126 2716 1162 2760 re

112 2781 327 2864 scripserunt.
371 2779 539 2862 Leguntur
560 2791 668 2844 autem
689 2781 754 2844 ita:
780 2779 928 2846 Naeuium
945 2779 1095 2866 Lycurgo
1116 2773 1160 2844 ll.

109 2868 245 2933 Librum
278 2866 362 2929 enim
397 2866 576 2930 secundum
604 2865 802 2930 Bassaridas
829 2865 991 2950 Aeschyli
1024 2866 1079 2932 tel
1110 2887 1161 2935 sc*

111 2953 254 3019 cundem
276 2951 427 3036 trilogiae
449 2951 613 3029 fabulam,
637 2973 732 3038 qnam
756 2963 857 3017 totam
879 2951 1022 3017 Naevius
1044 2955 1077 3018 in
1099 2953 1161 3018 La·

109 3042 215 3104 tinum
237 3055 420 3104 sermonem
453 3039 632 3117 convertit,
663 3037 850 3122 significare
883 3040 1042 3122 arbitror,
1072 3037 1159 3106 unde

110 3147 180 3191 non
204 3127 319 3189 mirum
343 3137 405 3201 est,
427 3135 476 3188 tot
497 3124 595 3212 hujus
617 3125 749 3192 fabulae
766 3143 945 3212 superesse
961 3125 1159 3214 fragmenta,

112 3229 190 3277 cum
212 3233 231 3276 e
254 3211 403 3292 plurimis
434 3211 554 3294 singoli
585 3223 708 3277 tantum
740 3229 858 3276 versus
890 3223 1041 3276 servatos
1070 3213 1160 3278 inve·

109 3299 196 3363 nias.
240 3297 363 3360 Eodem
399 3299 496 3362 modo
525 3297 777 3364 Andromachae
814 3297 1031 3380 fragmentum
1061 3298 1105 3362 ita
1140 3317 1160 3363 a

110 3383 286 3449 Prisciano
302 3384 437 3446 citatur:
465 3383 612 3448 Naeuius
626 3387 661 3447 in
680 3379 744 3447 111.
762 3383 906 3448 Hectore
918 3383 1159 3470 proficiscente,

111 3489 199 3556 quae
221 3470 324 3533 verba
347 3468 474 3532 tertiam
497 3468 669 3550 trilogiae,
699 3469 751 3532 cui
777 3468 867 3551 apud
888 3471 1160 3555 Astydamantem

110 3556 266 3621 Hectoris
289 3574 407 3619 nomen
439 3563 526 3638 erat,
555 3553 719 3633 indicant,
750 3557 843 3641 cujus
875 3553 1024 3638 trilogiae
1053 3553 1160 3642 prima

109 3641 169 3707 vel
198 3641 303 3706 altera
332 3637 443 3706 sabula
471 3637 723 3706 Andromachae
758 3641 969 3724 inscriptione
1005 3643 1161 3726 insignita

109 3738 195 3794 erat.
240 3728 334 3801 Quae
361 3726 517 3791 siminus
546 3725 751 3810 placuerint,
781 3730 912 3806 nescio,
942 3748 984 3792 an
1006 3728 1052 3792 ita
1073 3729 1159 3792 haec

111 3835 170 3880 res
204 3814 400 3898 explicanda
429 3814 483 3877 sit.
526 3813 784 3896 Lampadionem
815 3815 1055 3877 Naevianorum
1086 3835 1158 3878 ear·
1231 3813 1235 3816 ’

110 3901 235 3966 minum
257 3919 429 3976 censuram
451 3900 631 3963 instituisse
653 3910 784 3963 constat
798 3903 850 3979 ⁵),
873 3900 918 3962 ita
939 3897 1100 3978 fortasse,
1123 3907 1159 3964 ut

111 3989 270 4054 universa
299 3989 372 4072 ejus
402 4005 506 4072 opera
525 3987 560 4052 in
595 3986 709 4052 nescio
740 3996 820 4072 quot
847 3985 952 4052 libros
982 3985 1158 4066 divideret;

111 4147 319 4160 ἡ

184 4233 214 4306 l)
240 4229 330 4288 laur.
347 4217 468 4305 prolog.
489 4231 529 4288 17.
581 4233 612 4301 2)
632 4234 668 4288 dc
690 4231 795 4305 sabulo
812 4231 1013 4288 Romanorum
1026 4232 1159 4305 palliato

111 4321 140 4374 ct
159 4325 261 4394 coyata
279 4317 422 4386 (Berollni
441 4317 517 4385 1841)
541 4335 610 4391 pop.
627 4317 669 4373 39.
722 4319 754 4391 3)
772 4320 791 4374 l.
809 4319 829 4374 l.
848 4336 920 4392 pay.-
938 4317 997 4372 320.
1016 4324 1044 4372 et
1062 4317 1159 4374 Ναυῆ·
1267 4307 1271 4314 ’

110 4407 180 4478 tray
192 4420 266 4476 pap.
285 4401 343 4456 103.
395 4403 425 4469 t)
442 4402 462 4455 l.
480 4403 499 4456 ἱ.
555 4406 585 4470 5)
606 4401 645 4474 ps.
660 4421 732 4478 pay.
747 4405 790 4460 26.
