2864 4944
658 350 882 420 ..2-

255 515 310 592 ‹lls'
351 525 481 592 nllieem
508 526 679 604 rubentes,
708 526 769 593 serl
798 527 872 612 qni,
902 526 990 592 vitae
1021 521 1173 610 publicae
1203 524 1299 590 undis

253 624 287 677 et
342 615 470 676 actibus
501 613 712 697 conquassati
741 623 774 676 et
805 609 924 677 bellica
952 609 1050 674 laurle
1080 609 1149 676 lere
1179 612 1300 686 onusti,

192 775 196 783 ⁴
254 698 341 782 quotl
370 698 573 770 sentiebant,
603 698 634 762 irl
666 718 731 761 non
762 697 918 780 temporis
950 695 1086 760 fallendi
1114 708 1172 762 aut
1201 697 1299 780 impe-

253 783 374 848 ratoris
395 783 641 846 Maecenatisve
671 802 769 847 aures
798 781 962 846 mulcendi
984 802 1106 860 causa,
1133 801 1246 845 rerum
1268 781 1300 844 in

257 889 351 932 nsum
373 878 404 930 et
434 866 562 931 laudem
585 867 784 950 reipublicae
814 865 917 932 literis
946 867 1141 940 credebant3
1173 866 1302 950 quiea,

257 973 341 1038 (puae
365 964 629 1035 composuerant,
652 974 718 1018 non
742 952 948 1029 emittebant,
981 950 1068 1036 quod
1098 950 1232 1035 placere
1262 971 1303 1014 ea

257 1049 291 1101 et
311 1036 492 1103 collaudari
516 1039 668 1122 quodque
687 1039 728 1102 iis
750 1037 845 1102 evehi
870 1048 902 1101 et
925 1037 1069 1120 praediis
1099 1037 1214 1101 donari
1237 1034 1302 1098 vel·

256 1121 342 1199 lent,
365 1123 448 1201 sed,
475 1125 572 1187 morlo
594 1123 686 1188 utilia
717 1122 918 1206 reipublicae
949 1122 1151 1202 viderentur,
1173 1143 1214 1185 ne
1237 1131 1304 1184 tum

257 1209 386 1294 quidem
416 1209 448 1271 in
479 1209 609 1273 scriniis
638 1211 848 1293 premebant,
879 1229 953 1272 cunr
984 1207 1176 1272 emissorum
1207 1205 1304 1270 libro·

256 1315 327 1357 rum
349 1312 459 1376 poena
488 1295 660 1377 proposita
691 1305 804 1359 essent
831 1293 975 1358 carceris
1004 1291 1136 1356 vincula
1160 1290 1306 1356 exilium·

257 1398 309 1442 ve.
353 1379 477 1462 ltaque,
501 1400 574 1442 cum
597 1377 676 1443 illud
698 1379 828 1444 minime
850 1379 962 1461 negari
986 1376 1105 1455 liccat,
1133 1376 1304 1442 Ciceronis

257 1463 347 1528 illam
379 1474 411 1528 et
433 1463 561 1546 Virgilii
589 1475 731 1529 aetatem
759 1485 892 1528 aureum
923 1483 999 1526 esse
1029 1461 1161 1545 linguae
1183 1461 1304 1526 Roma·

258 1570 321 1614 nae
343 1547 532 1626 saeculum,
562 1547 627 1616 hoc
658 1560 766 1615 tamen
796 1549 871 1634 quin
902 1548 1067 1612 mordicus
1097 1558 1227 1612 teneam
1256 1543 1305 1610 ia·

259 1655 335 1698 cere
357 1654 422 1697 non
447 1655 597 1716 possum,
618 1643 654 1697 ut
675 1633 795 1716 ingenii
819 1631 977 1707 Romani,
1004 1633 1050 1694 ita
1065 1629 1171 1696 'etiam
1194 1632 1308 1716 poesis

259 1719 452 1802 gravitatem
484 1729 516 1782 et
545 1719 718 1800 ingenuam
749 1729 897 1782 naturam
928 1713 1005 1781 belli
1029 1715 1142 1782 Punici
1170 1716 1308 1782 secundi

259 1804 461 1886 temporibus
482 1803 644 1868 lloruisse.
688 1803 770 1867 Nam
789 1803 912 1868 Ennius
940 1801 1015 1880 ille,
1049 1803 1091 1866 ad
1122 1822 1217 1886 quem
1241 1801 1307 1866 Ro·

259 1910 427 1962 manarum
467 1888 630 1953 literarum
668 1889 792 1953 initium
830 1887 951 1954 referre
984 1885 1092 1953 solent
1122 1888 1309 1971 quicunque

259 1971 442 2056 elegantem
464 1974 687 2040 Romanorum
711 1985 879 2060 poetarum
902 1973 1074 2038 dictionem
1099 1974 1254 2042 adamant
1275 1981 1309 2038 et

259 2059 453 2141 suspiciunt,
476 2061 549 2144 ipsc
572 2059 625 2124 illc
647 2059 769 2125 Ennius
791 2059 905 2144 poesin
927 2079 1005 2124 vere
1028 2059 1211 2122 Romanam
1234 2077 1307 2142 per·

260 2145 349 2208 dion.
395 2146 524 2229 Quippe
550 2157 627 2210 ante
648 2145 774 2218 Livium
798 2155 831 2209 et
852 2145 1012 2208 Naevium
1042 2142 1143 2208 multa
1159 2144 1230 2228 jam
1253 2163 1308 2204 ex·

261 2230 390 2293 stitisse·
415 2229 584 2296 Romanae
613 2231 727 2313 poesis
756 2231 957 2314 specimina,
987 2239 1063 2313 post
1095 2229 1210 2292 doctas
1232 2227 1310 2292 Nie-

260 2314 379 2394 bulnii,
402 2315 540 2397 Zellii¹)
563 2327 595 2380 et
616 2315 791 2394 'tn-ausim)
814 2317 1037 2398 expositiones
1067 2334 1162 2379 nemo
1194 2312 1226 2376 in
1251 2313 1308 2376 ‹lu-

261 2401 348 2465 bium
370 2401 520 2476 vocabit,
544 2422 739 2488 quamquam
762 2399 948 2484 cupidiores
971 2419 1047 2462 esse
1070 2399 1231 2478 videntur,
1254 2396 1311 2481 qui

256 2485 381 2571 justum
412 2484 575 2572 quoddam
606 2507 688 2570 epos
717 2487 758 2552 iis
774 2488 845 2572 jam
867 2485 1067 2566 temporibus
1093 2482 1196 2548 fuisse
1219 2501 1311 2548 assc-

263 2581 377 2635 verant
389 2571 432 2656 ³).
469 2569 545 2634 Noli
565 2592 644 2635 vero
665 2591 718 2649 ea,
734 2591 819 2656 quae
835 2571 875 2634 de
895 2569 998 2634 Ennio
1020 2565 1162 2650 professi
1186 2587 1312 2648 sumus

262 2656 309 2718 ita
331 2655 419 2720 dicta
440 2665 574 2740 putare,
598 2666 634 2720 ut
656 2667 807 2740 poetam,
830 2654 984 2740 quidquid
1006 2653 1165 2717 Romanis
1189 2654 1221 2716 in
1243 2652 1312 2718 hoe

262 2739 428 2804 literarum
460 2759 581 2823 genere
613 2741 674 2806 suit
707 2759 808 2826 grave
841 2752 873 2805 et
903 2759 1080 2822 magnum,
1111 2739 1144 2802 id
1177 2739 1311 2804 omnino

263 2826 422 2890 evertisse
441 2827 694 2909 contendamus3
716 2825 824 2891 sedin
842 2826 938 2890 novis
957 2836 988 2890 et
1011 2824 1155 2888 externis
1174 2823 1312 2888 inseren-

263 2909 332 2986 dis,
362 2932 562 2975 summornm
591 2913 735 2975 virorum
755 2910 900 2976 humeris
923 2911 1031 2992 nisus,
1063 2909 1095 2973 id
1120 2909 1248 2986 effecit,
1277 2918 1314 2973 ut

263 3005 341 3080 post
370 2993 542 3077 expulsum
581 3007 807 3078 mortuumque
839 3017 1019 3071 summum,
1054 2996 1095 3056 de
1128 3015 1193 3078 quo
1227 2992 1314 3059 infra

263 3089 397 3162 agetur,
427 3080 532 3144 virum
561 3100 638 3144 rere
660 3079 862 3158 Romanum,
894 3079 949 3163 qui
971 3099 1056 3142 nnus
1077 3090 1189 3156 tanto,
1212 3099 1313 3163 quan·

263 3176 297 3228 to
327 3164 451 3229 Ennius
480 3175 570 3242 erat,
599 3165 729 3247 ingenio
791 3186 829 3228 ar
858 3175 965 3240 esset,
996 3164 1181 3248 quicunque
1210 3162 1314 3229 obniti
1427 3209 1428 3214 κ

264 3269 329 3314 non
352 3261 493 3334 poterat,
515 3271 579 3314 nno
603 3249 746 3316 fortasse
767 3187 894 3314 llucilio
918 3261 1077 3332 excepto,
1102 3247 1211 3313 colere
1233 3247 1313 3312 rnal-

264 3333 322 3414 let,
352 3356 436 3419 quae
457 3336 532 3400 inde
559 3337 602 3401 ab
623 3335 729 3400 Ennio
751 3357 770 3398 a
792 3333 941 3419 plurimis
969 3335 1072 3399 amari
1103 3332 1315 3416 intelligeret,
1427 3365 1428 3384 t

264 3441 362 3503 quarn
384 3421 426 3483 ad
449 3441 490 3484 ea
512 3441 701 3499 recurrere,
733 3441 820 3504 quae
846 3441 908 3504 pro
939 3417 1073 3484 abolitis
1103 3415 1312 3484 haberentur.

264 3503 315 3574 Ut
333 3505 517 3588 enimpost
538 3504 660 3570 linitum
692 3507 809 3588 ingens
838 3505 918 3570 illud
949 3504 1069 3570 bellurn
1092 3503 1244 3569 Romana
1266 3505 1313 3568 in·
1427 3565 1428 3568 ,

265 3590 363 3674 genia
384 3589 427 3655 ad
449 3599 601 3655 externos
623 3611 731 3655 mores
755 3589 971 3668 deficiebant,
997 3587 1216 3674 elegantiores
1239 3587 1316 3660 illos

265 3683 299 3740 et
322 3673 531 3752 urbaniores,
564 3675 622 3740 sed
653 3673 841 3740 luxuriosos
864 3686 895 3740 et
918 3673 1053 3754 molleS,
1084 3673 1130 3740 ita
1159 3685 1317 3738 externae

265 3758 363 3828 etiam
385 3757 500 3828 literae
523 3761 703 3840 irruerunt,
734 3781 838 3848 quae,
870 3761 1087 3846 perfectiores
1115 3759 1188 3826 sine
1216 3759 1316 3831 dubio

265 3915 473 3950 *Α*

335 4035 363 4106 l)
383 4034 637 4109 Feriearclntftm‚
654 4043 751 4095 etuelte
763 4038 1011 4110 Summlunppop.
1023 4035 1065 4091 99.
1075 4054 1133 4107 sqq.
1167 4035 1199 4108 2)
1213 4037 1315 4094 Roem.

265 4120 574 4194 literaturperchirhte
586 4140 656 4194 pop.
670 4123 713 4178 33.
726 4143 785 4195 sqq.
837 4125 867 4194 3)
890 4123 980 4196 Repe!
1001 4123 1101 4176 divers.
1125 4120 1162 4173 de
1183 4138 1216 4174 re
1238 4121 1317 4194 tropi

265 4206 463 4363 ἑῗιυᾶιιιξέονῑιᾳηᾳι
481 4203 599 4274 judicia
613 4224 684 4278 pop.
701 4208 749 4262 ¹19.
793 4207 931 4264 senuero
956 4205 993 4259 de
1019 4205 1068 4259 Ca.
1083 4205 1204 4262 'Naevio
1226 4214 1316 4280 poeta
