2890 4948
562 355 817 455 *ετ-τ

162 533 267 615 velit,
282 535 340 600 vix
361 533 525 618 expiscari
546 535 667 618 possis.
711 531 835 619 (lypria
863 535 952 600 eninr
978 535 1124 602 carmine
1144 555 1201 604 no·

160 624 287 700 vimus,
308 621 479 686 notissima
501 617 598 696 Ilias:
627 619 687 684 sed
708 618 903 705 Cypriorum
925 631 958 686 et
978 619 1090 687 Iliadis
1113 640 1199 690 com·

159 709 294 794 positio,
314 727 388 771 cnm
408 707 481 790 ipsa
493 704 574 770 Ilias
591 725 653 770 nec
666 705 751 771 inter
766 705 889 792 Cypria
908 706 1081 772 referenda
1092 709 1145 773 sit
1156 713 1201 791 1),

158 814 266 880 neque
294 793 417 856 arctius
445 811 520 856 cum
541 792 582 857 iis
609 790 794 857 cohaeserit
806 796 858 876 ²),
889 793 1033 858 absurda
1056 792 1127 859 Iera
1149 805 1201 860 est

159 899 267 964 neque
294 876 361 942 ullo
390 878 553 944 invenitur
579 875 654 943 loco
685 877 804 964 ati'02).
845 879 932 945 Inde‘
956 890 1112 964 apparet,
1134 878 1199 964 Cy·

158 966 265 1051 priam
279 964 394 1030 Laevii
410 962 546 1029 Iliadem
567 983 634 1028 non
654 963 740 1029 idern
762 985 835 1030 cum
851 964 1050 1030 Graecorum
1068 966 1200 1052 Cypriis

158 1064 322 1118 tractasse
352 1055 585 1134 argumentum.
627 1050 743 1133 Itaque
764 1049 831 1115 alia
853 1062 904 1114 est
933 1052 989 1116 via
1010 1052 1199 1135 circumspi-

159 1137 295 1219 cienda,
325 1157 391 1222 qua
419 1157 439 1200 e
468 1135 620 1200 carnrinis
648 1136 779 1202 nomine
808 1136 985 1217 divinetur,
1012 1138 1099 1222 qnod
1127 1138 1200 1224 ejus

158 1233 383 1307 argumentum
412 1221 518 1286 inerit
571 1219 619 1285 Co
647 1221 766 1287 'tabam
798 1223 935 1305 primum
968 1220 1010 1286 de
1039 1223 1199 1306 singulari

157 1311 310 1391 notione,
340 1327 437 1392 quam
465 1306 552 1391 apud
582 1304 629 1371 Sa
652 1306 726 1372 inos
753 1311 828 1372 voci
855 1307 998 1394 Cyprius
1017 1310 1200 1395 subjectam

156 1395 260 1463 fuisse
297 1404 426 1460 constat
436 1397 489 1473 4);
527 1391 685 1479 Cyprius·
703 1392 788 1459 enim
817 1394 949 1460 Sabinis
977 1395 1079 1464 bonus
1108 1404 1198 1472 erat3

158 1492 266 1547 tamen
295 1477 409 1544 Laevii
437 1478 534 1543 etiam
566 1490 711 1562 tempore
739 1477 826 1544 hanc
855 1481 887 1544 in
918 1502 980 1544 usu
1011 1480 1198 1567 quotidiano

156 1569 244 1652 apud
266 1567 436 1632 Romanos
463 1575 573 1628 notam
601 1563 704 1629 inisse
731 1566 826 1629 vocis
852 1566 994 1652 Cyprias
1022 1563 1199 1644 notionem,

156 1651 333 1718 verisimile
360 1671 426 1716 non
453 1651 590 1716 videtur.
644 1644 732 1729 Sed,
759 1661 796 1714 ut
825 1653 935 1718 brevis
963 1653 1046 1731 sim,
1076 1649 1200 1738 Cypria

118 1753 120 1756 ’
156 1739 236 1805 Ilias
267 1749 316 1804 est
344 1737 425 1803 Ilias
449 1757 469 1802 a
494 1736 687 1801 recensione
711 1735 843 1824 Cypria.
886 1737 1084 1826 Hujusmodi
1112 1738 1198 1802 enim

149 1825 402 1892 Homericorum
424 1825 600 1890 carminum
623 1822 770 1888 extitisse
791 1826 1026 1907 recensionem,
1046 1824 1199 1890 traditum

156 1923 209 1977 est
223 1915 265 1996 ⁵).
315 1909 440 1998 Cypria
469 1910 568 1992 igitur
593 1908 673 1973 Ilios
700 1910 858 1994 inscripta
888 1923 960 1978 erat
979 1911 1059 1978 Ilias
1080 1910 1198 1978 Home·

156 1998 238 2076 rica,
261 2005 358 2082 quam
378 1996 556 2063 secundum
579 1996 803 2060 recensionem
824 1995 977 2080 Cypriam
999 1997 1031 2061 iu
1047 1995 1198 2062 Latinum

154 2104 336 2148 sermonem
382 2091 590 2148 converterat
636 2080 788 2146 Laevius.
857 2081 955 2158 Quod
995 2083 1143 2165 Longius
1162 2081 1196 2164 6)

155 2169 310 2254 Cypriam
339 2166 474 2234 Iliadem
504 2169 682 2232 carminum
703 2166 898 2252 Cypriorum
927 2169 1110 2233 versionem
1133 2166 1197 2231 La·

154 2257 255 2320 tinam
277 2255 366 2331 dicit,
390 2253 442 2318 cui
465 2252 608 2337 Cypriae
628 2275 747 2318 nomen
770 2252 910 2318 Laevius
935 2252 1198 2338 praescripserit,

154 2361 198 2404 ne
213 2360 286 2403 cnm
301 2339 404 2403 Iliade
419 2340 595 2402 Homerica
616 2338 880 2418 confunderetur,
895 2360 1018 2404 merum
1034 2357 1197 2404 commen-

154 2436 223 2504 tum
241 2435 303 2502 est,
327 2424 546 2503 excogitatum
561 2423 604 2486 ad
626 2423 852 2489 stabiliendam
870 2424 988 2508 Lanuii
1009 2426 1050 2489 de
1066 2424 1197 2510 Cypriis

156 2508 360 2576 sententiam.
401 2507 486 2572 Nam
508 2506 631 2592 Cypria
659 2529 725 2574 nun
754 2511 895 2574 vertisse
918 2508 1093 2588 Laevium,
1121 2509 1198 2574 inde

154 2604 312 2684 apparet,
343 2592 430 2679 quod
458 2594 565 2676 ipsum
594 2591 663 2660 hoo
690 2615 833 2674 carmen,
861 2594 989 2678 duobus
1010 2594 1096 2661 locis
1117 2597 1196 2662 cita·

154 2693 241 2759 tum,
269 2679 424 2764 alteroI)
447 2671 573 2766 Cypria
597 2679 696 2760 llius,
729 2681 833 2751 altero
846 2684 878 2762 8)
910 2681 991 2746 llius
1013 2679 1119 2746 solum
1139 2701 1196 2744 vo·

153 2779 257 2832 catur.
300 2767 419 2851 Atqui,
448 2768 479 2832 si
500 2765 623 2850 Cypria
644 2766 799 2834 vertisset
827 2777 938 2851 poeta,
960 2787 1025 2832 non
1050 2765 1197 2846 Iliadem,

153 2854 308 2936 sed,ubi
329 2853 473 2918 breviori
494 2851 691 2918 nominanti
713 2851 833 2934 voluit,
861 2852 986 2938 Cypria
1008 2851 1119 2918 dicere
1141 2851 1197 2916 de·

152 2941 261 3008 bebai,
324 2939 476 3004 Ceterum
505 2946 635 3021 poetam
666 2958 797 3004 carmen
830 2959 925 3005 suum
953 2960 994 3004 ea
1022 2939 1064 3004 de
1093 2957 1198 3010 causa

152 3027 200 3094 ita
220 3025 448 3109 inscripsisse,
470 3035 506 3088 ut
526 3025 680 3108 ambigua
701 3026 775 3110 ipsa
795 3037 885 3092 esset
911 3026 1101 3111 inscriptio,
1133 3044 1197 3090 neo

153 3123 245 3177 certo
273 3111 402 3178 affirmo
432 3131 540 3195 neque
566 3112 698 3182 omnino
727 3133 823 3195 nego.
867 3112 1060 3196 Ambiguem
1086 3123 1198 3182 autam

154 3199 221 3274 diat
253 3197 518 3278 inscriptionem,
549 3199 639 3281 quod
664 3197 789 3284 Cyprio
815 3196 894 3266 llius
917 3210 950 3262 et
971 3201 1198 3264 recensionem

153 3284 311 3370 Cypriam
344 3282 489 3346 indicare
519 3292 551 3345 et
582 3283 696 3348 Laevii
724 3282 860 3349 Iliadem
892 3293 1047 3368 tanquam
1078 3284 1197 3349 bonam

153 3372 227 3439 rudi
254 3386 422 3453 opponere
451 3377 580 3450 poterat
611 3369 785 3450 Odysseae
815 3367 906 3446 Livii.
929 3379 985 3434 aut
1013 3368 1073 3434 Gn·
1103 3367 1198 3437 Matii

153 3455 251 3536 Iliadi
264 3459 315 3539 ⁹),
344 3452 441 3518 sicuti
478 3451 574 3519 etiam
603 3453 726 3536 Ennius
754 3475 835 3520 suos
863 3474 991 3542 versus
1007 3454 1198 3534 Naevianis,

155 3629 364 3649 ἰι-..1111111-

157 3745 184 3770 ··
224 3737 253 3808 l)
275 3729 419 3789 Wuellner
439 3727 478 3783 de
502 3727 580 3798 cyclo
600 3731 683 3804 spico
702 3747 773 3805 pay.
791 3734 826 3788 67
844 3749 903 3806 app.
954 3736 984 3803 2)
1006 3733 1106 3806 Iiunye
1128 3733 1197 3787 tiber

23 3901 25 3920 μ
109 3808 113 3813 “
154 3823 205 3876 die
226 3819 388 3894 lrplcllrclten
408 3815 534 3873 ‘multer
549 3815 602 3868 der
621 3816 761 3898 Griselica
772 3836 846 3891 puy.
864 3818 899 3874 ‘di
915 3837 974 3890 app
1026 3819 1055 3884 3)
1073 3814 1198 3873 Mueller

154 3907 192 3962 de
216 3907 294 3977 cyclo
321 3903 496 3960 &amolum
521 3904 602 3974 epten
619 3917 690 3976 pap.
703 3903 750 3958 au.
802 3905 831 3972 4)
850 3901 1118 3959 Drakenborclrad
1134 3903 1196 3957 Ltc.

154 3993 175 4048 l.
193 3991 235 4046 ld.
253 3993 279 4046 7.
332 3991 362 4062 5)
387 3984 530 4044 Vdiloisorr.
557 3981 693 4042 Ane'crldt·
723 3987 825 4044 Graec.
847 3989 881 4044 ll.
894 4007 965 4064 pay.
984 3988 1033 4046 183
1049 3995 1108 4045 not.
1125 3991 1151 4045 2.
1170 3997 1200 4044 et

150 4091 222 4148 pap.
247 4073 321 4142 uum
352 4073 472 4133 Scholia
495 4073 652 4130 Marciana
677 4071 718 4128 ad
744 4071 901 4130 Homerum
922 4083 993 4215 pag.
1019 4077 1071 4132 453
1094 4083 1123 4138 et
1147 4077 1206 4131 tut.

161 4159 267 4215 Vlllulr.
317 4161 348 4229 u)
366 4163 386 4217 l.
411 4163 430 4216 l.
455 4179 525 4235 pays
548 4159 591 4214 ⁴0.
641 4160 669 4227 7)
697 4160 807 4214 Clurda.
827 4175 900 4232 pay.
929 4160 955 4213 ll
995 4161 1114 4216 Haterii
1166 4161 1201 4231 8)

163 4243 308 4298 Hierico
320 4262 392 4322 pap.
413 4247 463 4304 881
483 4245 601 4302 Putrem
652 4244 682 4312 9)
705 4245 879 4318 Wemrdorf
886 4254 966 4321 poet.
984 4248 1079 4303 Latin.
1097 4241 1199 4304 milred.

153 4327 200 4384 iv.
214 4346 286 4403 pap.
305 4331 366 4386 568.
414 4333 588 4390 Petrocori
605 4333 686 4388 Pera.
704 4331 799 4388 satir.
818 4332 838 4387 I.
854 4333 896 4388 48.
916 4351 984 4405 pay.
998 4328 1058 4387 278,
1155 4379 1158 4388 .
