2890 4948
519 405 734 486 ,-125
790 447 836 460 -

264 585 378 654 Verba
397 595 462 654 ne'c
482 585 606 654 Bacchi
625 599 720 671 sunt,
739 607 824 674 quae
844 587 953 657 Bothii
974 601 1026 658 est
1048 595 1221 672 sententia,

177 671 221 738 cd
238 671 386 752 Edonos,
408 695 482 742 cum
503 675 673 740 venissent
691 687 808 741 contra
827 677 936 760 ipsum
957 677 1041 743 duce
1056 677 1221 766 Lycurgo,

177 781 241 826 nec
262 759 384 839 Sileni,
418 772 453 826 ut
474 771 567 844 putat
588 761 811 845 Duentzerus,
843 783 966 847 aroge
989 766 1033 830 ad
1055 787 1133 844 eos,
1166 769 1222 851 qui

177 847 372 925 adstabant,
402 867 440 914 se
461 849 702 924 convertentis,
730 850 790 913 sed
811 849 916 933 ipsius
937 849 1079 936 Lycurgi
1102 853 1144 918 ad
1167 873 1220 918 sa·

177 932 298 998 tellites
321 953 421 1012 suos,
444 934 509 1020 qui,
538 945 663 1000 terrore
685 935 807 1000 Patrico
829 937 862 1000 in
884 937 1116 1020 aggrediendis
1137 938 1219 1005 Bae·

177 1018 251 1086 obis
271 1021 432 1106 correpti,
455 1021 562 1088 denuo
583 1023 617 1088 in
639 1042 698 1088 eas
718 1022 842 1088 irruere
863 1023 987 1090 nolunt.
1019 1029 1021 1033 “

628 1233 631 1240 ’
668 1211 723 1278 24.

259 1343 387 1409 Nonius
401 1347 452 1426 ¹):
485 1363 592 1430 uapor
614 1356 647 1412 ct
675 1367 799 1431 vapos,
827 1351 860 1411 ct
887 1349 984 1410 timor
1003 1356 1035 1411 et
1066 1349 1158 1412 timos
1186 1356 1249 1413 er

174 1428 447 1604 'Laybgss-;,t,·labos
468 1433 517 1496 iio
537 1441 631 1517 suat,
660 1443 697 1498 ot
728 1437 823 1498 color
853 1441 885 1496 ct
915 1435 1012 1498 cotos.
1072 1434 1220 1500 Naeuius
1301 1437 1305 1446 “

271 1635 342 1710 jam
364 1633 409 1692 ibi
428 1637 487 1693 ndo
508 1632 648 1708 displicuit
667 1631 862 1695 advenientis
883 1636 993 1708 timos,
1012 1653 1123 1712 pavos,

174 1739 230 1804 ubi
260 1738 334 1804 libri
363 1750 440 1803 ante
465 1737 568 1803 Mero.
588 1739 638 1824 ²);
673 1761 736 1830 ‘am
764 1741 827 1804 cim
857 1742 892 1804 in
920 1759 980 1804 troc
1010 1733 1093 1829 conj.
1125 1741 1216 1807 Grot.

175 1825 434 1891 acclamantibus
464 1825 570 1889 Scriv.
600 1837 633 1888 et
664 1761 778 1904 losse
817 1827 965 1910 implicat
994 1825 1077 1915 conj.
1109 1827 1217 1893 (disan.

173 1913 268 1997 prob.
291 1912 459 1990 Carrion.;
490 1914 582 1974 tineos
607 1911 719 1975 Panos
740 1933 854 1996 margo
878 1913 980 1978 Hadr.
1003 1913 1096 1992 Jun.;
1126 1916 1219 1978 timos
1321 1977 1324 1986 ,

173 2019 341 2086 vaposque
363 1997 437 2064 libri
468 2009 543 2062 aute
564 1997 684 2077 Merc.;
715 1999 808 2062 timor
833 2020 1002 2084 pavorque
1033 1999 1117 2086 conj.
1142 2001 1218 2064 oui·
1288 2061 1291 2066 .

173 2083 271 2150 lielm.
295 2086 387 2170 prob.
411 2083 578 2163 Carrion.;
609 2105 713 2167 capos
742 2083 838 2149 Both.
859 2084 1014 2164 Duentz.;
1043 2087 1218 2151 adveniens

173 2173 259 2259 iptio
279 2192 384 2256 vapos
403 2168 488 2258 conj.
512 2171 605 2236 Grot.
628 2171 720 2256 prob.
737 2170 881 2238 Scrivcr.
903 2182 936 2236 ct
953 2171 1052 2237 Voss.
1097 2171 1217 2238 'l'rans-

173 2260 266 2344 ponit
286 2260 390 2324 verba
412 2256 549 2321 Bothius
570 2258 635 2323 itae
716 2299 722 2312 .

274 2373 340 2450 jam
362 2373 404 2430 ibi
427 2371 614 2432 aduenientis
638 2373 776 2450 duplicat
798 2393 854 2432 nos
876 2376 977 2448 timos,
999 2391 1113 2452 repon

171 2475 239 2546 alio
260 2475 336 2543 loco
350 2481 402 2558 ³):

276 2594 343 2651 tum
364 2593 405 2651 ibi
428 2592 622 2652 advenientes
646 2593 814 2670 duplicabit
834 2612 891 2654 nos
912 2613 1017 2672 paros.

172 2696 276 2784 Loqui
300 2697 488 2784 Lycurgum
510 2709 625 2784 putant
648 2700 738 2766 Grot.
764 2699 870 2765 Soriv.
893 2712 926 2764 et
946 2699 1067 2777 Voss,
1099 2675 1233 2780 cuma,

170 2783 282 2851 Furiis
302 2787 533 2850 incesseretur.
577 2785 701 2867 Contra
723 2783 837 2851 Sileno
866 2805 927 2850 suo
953 2787 1065 2850 tribuit
1085 2807 1218 2852 versum

170 2869 310 2937 Duentn.
340 2893 414 2937 cum
436 2872 591 2958 Lycurgo
622 2870 821 2957 colloquenti
848 2872 1106 2958 exponentique‚
1139 2893 1217 2960 quo·

169 2959 270 3024 modo
292 2957 459 3038 Bacchae,
482 2982 501 3024 a
522 2959 668 3047 Lycurgi
691 2957 886 3023 satellitibus
909 2957 1066 3043 fugatae,
1095 2959 1138 3024 ad
1162 2981 1217 3026 ca·

169 3056 240 3132 stra
262 3067 324 3115 sua
348 3045 573 3130 confugerint,
609 3047 664 3112 ubi
685 3045 783 3111 'simul
805 3046 901 3111 timor
923 3059 955 3110 et
977 3067 1083 3130 vapor
1103 3066 1146 3111 ex
1168 3047 1216 3112 in-

169 3133 288 3198 cendio
328 3145 421 3199 ortus
453 3151 512 3198 eas
554 3133 742 3200 turbaverit.
792 3133 828 3196 ln
861 3131 1067 3216 explicandis
1104 3134 1218 3199 verbis

168 3219 310 3304 praeivit
329 3220 515 3286 Hadrianus
536 3219 673 3298 lunius,
699 3220 753 3304 qui
777 3218 933 3284 Panicum
955 3229 1112 3284 terrorem
1134 3220 1215 3286 indi·

169 3305 241 3370 cari
262 3317 445 3376 censuerat.
489 3305 664 3372 Bacchicis
693 3306 780 3370 enim
810 3305 912 3388 orgiis
935 3305 1092 3370 Panicum
1113 3317 1215 3373 terro·

167 3412 240 3458 rem
270 3393 418 3458 comitari
445 3393 649 3458 notissimum
681 3391 791 3474 est4).
836 3391 931 3464 Quae
960 3410 1034 3456 cum
1063 3391 1108 3458 ita
1139 3392 1215 3476 sint,

167 3480 272 3545 verba
300 3475 476 3544 satellitum
498 3488 591 3554 sunt,
621 3496 658 3542 se
681 3475 831 3542 Bacchas
860 3479 974 3541 iterum
996 3497 1215 3561 aggressuros

167 3584 246 3630 esse
269 3565 456 3648 negantium
485 3575 518 3628 et
546 3563 589 3628 ad
618 3563 851 3647 praecedentia
871 3562 1014 3648 Lycurgi
1041 3568 1143 3631 verba
1165 3588 1214 3632 re·

167 3652 419 3734 spondentium,
434 3671 471 3714 se
489 3647 559 3738 jam
580 3660 698 3729 antea,
721 3670 795 3715 cum
818 3650 851 3714 in
874 3649 1027 3714 Bacchas
1049 3653 1213 3732 irruerint,
1317 3681 1321 3690 ·

167 3737 294 3803 Pani'eo
315 3750 440 3802 terrore
464 3746 654 3820 correptor,
686 3735 764 3820 quin
785 3735 866 3818 suga
893 3735 1032 3800 salutem
1053 3749 1213 3822 peterent,

166 3822 281 3890 facere
303 3845 369 3888 non
391 3825 548 3908 potuisse.
594 3821 644 3886 lbi
672 3823 758 3886 enim
789 3832 919 3905 tempus
953 3820 1063 3898 etiarn
1079 3824 1213 3905 indicat,

168 3930 235 3996 quo
258 3910 380 3998 aliquid
402 3909 526 3978 sactum
549 3918 611 3987 cst,
628 3905 669 3974 'ut
689 3906 872 3995 particulae
897 3915 962 3974 tom
981 3907 1052 3974 fere
1073 3909 1214 3998 aequale

167 4069 377 4084 m

238 4158 306 4224 lis.
323 4175 349 4212 o.
366 4173 460 4232 oopor
478 4175 550 4230 pap.
568 4155 619 4212 tet
636 4155 680 4212 M.
697 4119 747 4212 eoi
769 4154 803 4212 G.
858 4156 888 4226 2)
905 4153 945 4228 cs.
969 4155 1008 4214 de
1023 4157 1129 4214 barum
1141 4175 1213 4232 par·

166 4246 325 4300 ticularum
348 4244 583 4317 [repamttboima
608 4241 774 4312 confusione
800 4242 884 4298 Corte
906 4244 947 4300 od
968 4244 1079 4326 bacan.
1104 4242 1210 4297 Phara.

165 4329 213 4384 Vl.
240 4329 298 4383 411.
341 4329 371 4398 d)
389 4327 409 4382 l.
428 4327 448 4382 l.
462 4329 534 4400 pap.
553 4327 613 4385 370.
656 4323 826 4401 4)Elmoley
843 4329 884 4386 ad
901 4329 1006 4404 Eutip.
1023 4327 1133 4386 Bacch.
1150 4329 1211 4404 aba.
1257 4407 1259 4412 ι
