2890 4948
571 401 819 482 -75-

177 598 300 664 penum
322 579 544 662 obsidentem,
575 585 631 668 qui
659 581 704 650 aul
731 581 970 652 defendendum
990 588 1147 675 oppidum
1167 610 1221 657 ae·

178 684 350 732 cursurum
378 687 454 732 esse
480 668 698 736 Hamilcarem
725 674 961 758 exspectabat,
990 675 1025 742 in
1054 695 1121 762 que
1147 694 1222 744 eum

177 768 257 836 spes
278 771 345 819 uon
364 751 481 820 lefellit
500 757 543 837 ¹).

471 1097 672 1194 Fragmenta
697 1097 767 1168 libri
792 1103 929 1192 septimi.

685 1259 715 1324 1.

258 1359 381 1432 Festus
396 1370 448 1448 ?)=
470 1369 619 1452 sequutae
639 1375 801 1434 vocantur·
820 1368 981 1436 verberiae
987 1417 1000 1450 ,
1020 1371 1058 1438 id
1076 1379 1127 1438 ert
1145 1372 1217 1440 lter·

173 1449 379 1535 incussae,
408 1454 489 1539 quia
509 1473 551 1517 eu
573 1456 784 1520 locosancto
806 1455 1008 1520 arcebantur
1027 1479 1051 1522 u
1077 1458 1219 1526 Guusule

175 1535 376 1603 Praetereee
397 1539 513 1624 tequea
545 1539 592 1604 aul
632 1540 733 1605 aedua
752 1539 942 1628 faciendum
966 1541 1082 1608 bellum
1106 1565 1146 1610 ue
1166 1550 1215 1610 iu·

172 1621 344 1689 uomitum
358 1626 411 1690 uel
429 1643 452 1688 a
467 1541 658 1706 auacimio,
672 1625 709 1690 id
724 1634 773 1691 est
790 1626 1026 1714 continuando.
1087 1633 1218 1698 ueaiuar

296 1740 347 1800 iuis
367 1745 527 1800 eucratium
548 1739 640 1801 Jove
653 1738 828 1817 juruindum
850 1746 991 1824 augmine
1007 1736 1025 1802 .'
1051 1788 1057 1803 .

172 1858 268 1923 quem
288 1861 421 1912 versum
441 1845 489 1912 ita
508 1843 641 1912 exhibet
659 1843 867 1912 Schuettiusr

680 1957 761 2037 .jus
784 1952 940 2022 sacratum

419 2038 507 2104 Joris
527 2040 694 2122 jurandum
717 2041 866 2125 segmine.

169 2139 351 2212 Muellerus
372 2145 520 2213 mavultt

294 2259 379 2320 Jovis
402 2265 557 2322 sacratum
577 2258 797 2339 jusjurandum
817 2261 990 2342 tagininus

169 2367 205 2424 ut
226 2363 376 2430 seuerius
396 2384 516 2432 versus
536 2362 667 2431 evadat.

253 2493 456 2576 Schuettius,
477 2497 565 2583 quod
586 2495 702 2561 eodem
723 2493 800 2562 loeo
823 2493 911 2580 apud
932 2489 1069 2562 Paulum
1091 2493 1210 2564 Diaeu-

166 2595 243 2642 num
265 2579 351 2646 alius
372 2602 489 2648 versus
503 2581 701 2646 Naevianus
715 2579 749 2666 3)
770 2579 907 2666 legitur,
940 2580 1028 2646 hune
1058 2603 1132 2648 eum
1153 2583 1212 2650 illu

167 2665 431 2750 conjungendum
458 2667 581 2733 statuit.
624 2665 770 2730 Frustra.
813 2664 996 2751 Utrumque
1024 2667 1109 2731 enim
1140 2689 1212 2734 ver·

166 2765 239 2812 sum
260 2771 326 2815 uon
348 2751 542 2817 cohaesisse
570 2771 636 2815 vox
657 2751 806 2835 auqmiuu
826 2750 860 2814 in
883 2761 1020 2834 utroque
1041 2771 1142 2816 versu
1162 2754 1212 2817 in-

165 2832 332 2917 eleganter
351 2837 513 2921 repetita,
544 2833 748 2902 Schuettium
777 2835 899 2899 docere
920 2835 1070 2900 debebat
1113 2837 1240 2926 Exci·

165 2918 256 2984 disse
276 2933 385 2988 autem
407 2924 441 2987 in
455 2921 556 2987 Festo
579 2929 657 2987 uate
676 2919 767 2986 hune
788 2939 919 2986 versum
940 2916 1050 2999 illum,
1069 2921 1210 2989 aPaule

164 3018 351 3085 servatum,
381 3005 561 3073 Muellerus
581 3005 776 3083 arbitratur,
808 3025 874 3090 qua
889 3005 923 3070 in
945 3024 983 3069 re
1004 3003 1129 3072 fallitur
1149 3007 1211 3075 Vir

164 3086 384 3162 Clarissimus.
428 3091 488 3159 Sin
510 3093 596 3158 enim
617 3111 736 3158 versus
754 3091 817 3156 iste
840 3090 973 3169 excidit,
994 3111 1060 3156 non
1084 3092 1210 3172 dubito,

165 3175 243 3258 quin
273 3186 351 3262 pust
378 3177 468 3244 hune
495 3198 629 3244 versum
662 3177 830 3242 exciderit.
883 3173 970 3240 Nam
1007 3178 1210 3260 sagminibus

162 3278 243 3326 usos
276 3282 352 3327 esse
380 3263 550 3330 Romanos
582 3263 661 3326 dicit
689 3272 756 3327 tum
786 3261 830 3325 ad
862 3257 984 3325 foedus
1010 3260 1208 3342 iaciendum,

163 3353 231 3410 tum
253 3347 296 3411 ad
326 3345 447 3411 bellum
482 3347 700 3412 indicendum.
743 3343 839 3410 Hune
868 3354 979 3408 autem
1011 3361 1143 3410 versum
1165 3348 1210 3411 ad

162 3426 280 3496 foedus
302 3430 533 3510 faciendum)
554 3433 719 3514 pertinere
733 3438 841 3513 patet3
863 3428 936 3513 quis
958 3427 1098 3494 enimin
1120 3429 1208 3497 bello

162 3512 336 3582 indicendo
365 3514 462 3580 loeus
491 3524 542 3580 est
572 3511 795 3600 'urijurandoi
828 3513 924 3588 Quae
952 3533 1028 3580 eum
1055 3515 1103 3581 ita
1130 3516 1208 3596 siut,

161 3599 254 3668 illum
274 3621 406 3667 versum
426 3601 501 3665 ideo
523 3618 545 3665 a
561 3533 662 3666 iesto
683 3597 863 3683 allegatum
882 3596 999 3681 fuisse,
1018 3600 1049 3664 si
1062 3621 1207 3684 unquam

161 3682 243 3764 fuit,
273 3697 371 3772 pute,
404 3683 605 3752 stulterum
633 3686 818 3769 sagminum
850 3684 884 3748 in
915 3682 1003 3750 belle
1031 3685 1206 3752 indicendo

161 3790 256 3835 usum
286 3770 437 3855 exemplo
468 3771 709 3854 comprobaret.
753 3769 907 3835 Ceterum
926 3767 1022 3833 Jove
1049 3789 1074 3838 a
1091 3769 1205 3858 jusju-

160 3857 302 3924 t'attdttm
324 3855 464 3944 pendete
485 3854 596 3940 Ζηνός
615 3853 656 3940 γέ
678 3874 734 3921 τοι
753 3853 861 3935 ὅρκια
882 3851 1001 3920 πιστὰ.

228 4148 487 4224 1)Potyt.t.5e;
513 4150 621 4204 letrau.
646 4146 717 4204 Vlll.
743 4147 784 4203 te.
836 4146 867 4215 2>
883 4165 906 4201 s.
924 4162 951 4202 u.
977 4151 1112 4230 sagmina
1132 4165 1203 4223 paq.

159 4233 207 4314 321
228 4233 329 4296 Murali.
382 4235 411 4301 3)
428 4234 540 4310 fraqm.
557 4231 591 4290 ll.
611 4233 651 4288 lt.
706 4232 735 4299 i)
755 4229 857 4304 Polyb.
880 4230 902 4287 l·
918 4233 954 4290 62
969 4248 1029 4305 sqq.
