2890 4948
665 363 920 440 ..86-

272 567 316 614 ne
331 543 475 612 colorem
496 545 624 632 quidem
640 545 820 612 Ennianum
843 565 919 612 esse
934 543 1114 614 Muellerus
1131 560 1236 635 putat,
1260 571 1318 618 ue·

200 671 206 684 =
274 634 366 714 scio,
389 633 506 722 quibus
528 633 639 700 causis
659 633 788 700 ductus:

725 783 758 851 8.
782 793 816 850 et
836 783 868 852 9.

263 883 264 888 ¹
359 900 410 972 De
437 901 629 988 fragmentis
657 906 700 974 ab
721 905 846 971 Isidoro
878 904 1019 971 servatis
1047 903 1133 972 inire
1159 906 1322 996 judicium

276 1000 424 1057 nostrum
444 989 587 1058 feremus
602 992 645 1080 ¹).

770 1141 823 1210 10.

361 1260 465 1327 Recte
485 1260 644 1328 Muellero
657 1264 717 1348 2),
740 1262 795 1349 qui
820 1241 988 1326 Pisatilem
1023 1260 1265 1328 Pautaleumtem
1286 1265 1321 1332 in

276 1348 423 1412 carmine
453 1348 494 1413 de
526 1348 612 1414 bello
642 1349 766 1414 Punico
794 1359 1006 1415 memoratum
1033 1348 1138 1417 fuisse
1168 1351 1321 1439 conjecit,

278 1431 453 1520 pploeutus
473 1443 532 1502 est
545 1434 734 1504 Schuettius
747 1440 792 1518 i).

632 1822 674 1892 Π.
725 1817 849 1913 Cypria
878 1821 966 1889 ilias.

300 2027 303 2035 ,
364 1980 504 2052 Dahae
518 1986 673 2067 carmine,
695 1986 780 2050 sitne
802 1984 919 2051 Naevii
939 2003 1003 2052 uec
1015 2003 1074 2063 ue,
1095 2003 1218 2070 magua
1237 1984 1323 2054 inter

281 2068 373 2135 uiros
406 2073 524 2138 doctos
553 2071 613 2138 iuit
645 2071 819 2137 contentio.
871 2069 1073 2156 Simulatque
1099 2084 1209 2138 ¹autem
1238 2073 1324 2138 inter

282 2175 344 2222 ees
374 2159 544 2235 convenit,
576 2179 676 2224 versu
707 2157 839 2224 heroico
871 2167 948 2223 aute
978 2156 1117 2224 Ennium
1148 2157 1323 2230 Roumuos

281 2261 363 2306 usos
383 2234 448 2308 uun
477 2264 553 2310 esse
563 2246 609 2327 ⁴),
637 2265 696 2309 res
715 2243 864 2334 judicata
883 2254 964 2308 eret.
1006 2241 1223 2312 Nihilominus
1253 2265 1323 2315 rem

276 2328 457 2412 judicatam
481 2333 542 2395 sub
561 2328 718 2417 judicium
741 2329 911 2396 revocavit
932 2327 1200 2410 Wuelluerus⁵),
1228 2351 1323 2414 repu-

283 2425 404 2494 gnante
426 2415 616 2482 Weicherto
631 2420 672 2498 ⁶)
705 2425 737 2480 et
766 2413 935 2482 refellente
958 2413 1177 2498 Goeller0⁷).
1229 2417 1323 2491 Quae

283 2518 357 2580 cum
378 2502 423 2568 ita
445 2503 527 2580 sint,
552 2502 835 2587 persuasissimum
856 2500 933 2565 mihi
954 2498 1077 2584 habeo,
1099 2499 1214 2565 Naevii
1243 2500 1324 2573 illud

282 2582 414 2652 mamert
436 2600 568 2678 propter
588 2589 695 2671 ipsum
716 2609 847 2652 versum
870 2585 1057 2663 heroicum,
1080 2607 1144 2672 quo
1166 2587 1323 2672 scriptum

284 2669 345 2749 est,
368 2692 432 2738 uon
455 2693 540 2739 esse.
584 2673 668 2748 Quid
700 2675 810 2743 enimi
843 2671 988 2736 Naevius
1016 2669 1137 2739 bellum
1166 2673 1324 2740 Punicum

281 2773 382 2822 versu
404 2759 570 2838 Saturnio,
588 2759 743 2845 Cypriam
760 2759 894 2824 Iliadem
916 2755 1049 2823 heroico
1073 2759 1241 2842 sculpserit
1260 2781 1324 2824 me·

283 2843 359 2908 tro?
389 2843 575 2933 perfectiori
603 2857 705 2911 metro
736 2845 1018 2926 mussitantes,
1041 2855 1158 2930 postea
1180 2845 1324 2910 rudiori‘l

281 2925 377 3006 Num,
399 2932 428 3000 si
450 2929 573 3016 Cypria
592 2931 671 2999 Ilias
692 2929 809 2998 Naevii
831 2938 900 3007 est,
921 2941 997 2994 aute
1020 2949 1151 2994 carmen
1175 2931 1215 2993 de
1238 2930 1326 2996 bello

281 3012 407 3080 Punico
429 3019 623 3102 -oouscripta
653 3028 722 3095 est,
752 3015 839 3102 quod
868 3034 979 3080 senem
1008 3027 1138 3099 poetam
1158 3017 1327 3100 pepigisse
1412 3075 1413 3082 a

282 3119 383 3183 supra
395 3105 426 3182 8)
449 3105 668 3189 exposuimus·
694 3101 817 3166 Laevio
838 3101 938 3182 igitur
959 3100 1023 3166 hoc
1044 3102 1172 3186 quidem
1195 3123 1327 3169 carmen

282 3191 412 3253 omniuo
428 3189 657 3258 vindicandum
671 3207 747 3254 esse
760 3207 835 3255 cum
848 3186 1020 3270 Osann02)
1033 3198 1066 3252 et
1077 3187 1281 3254 Weieherto1
1290 3194 1324 3271 ⁰)

281 3292 413 3339 censeo.

369 3393 500 3478 Operae
535 3393 675 3480 pretium
705 3411 782 3458 esse
814 3401 914 3478 puto,
946 3411 1039 3470 eam,
1072 3411 1157 3478 quae
1187 3392 1229 3458 de
1259 3390 1326 3460 hac

282 3474 387 3552 iliade
417 3493 499 3552 nata
527 3480 605 3556 mihi
638 3491 711 3558 est,
745 3482 967 3565 conjecturam
997 3479 1113 3563 paucis
1146 3499 1324 3564 exponere.

281 3562 669 3642 Haerent.enim.=omues
689 3565 751 3632 viri
772 3566 871 3645 docti,
892 3563 987 3649 quale
1007 3563 1104 3632 luerit
1123 3561 1190 3630 hoe
1211 3563 1326 3650 Laevii

282 3671 425 3726 carmen.
468 3653 540 3722 Neu
568 3653 747 3730 immerito,
777 3661 812 3716 ut
842 3650 978 3720 videtur.
1021 3649 1134 3736 Ipsum
1155 3651 1239 3716 enim
1261 3647 1326 3733 Cy·

281 3740 375 3822 prise
396 3737 510 3808 Iliadis
531 3761 651 3810 nomeu
672 3742 792 3810 itaest
813 3749 1055 3824 comparatum,
1078 3747 1131 3818 ut,
1161 3738 1240 3824 quid
1262 3735 1326 3807 sibi

290 3889 298 3900 ⁸
361 3893 363 3910 l

280 3911 490 3931 -ι-ι*

352 4001 378 4068 l)
396 3999 505 4073 frapm.
528 4019 600 4058 cmm.
623 4005 679 4058 inc.
696 4002 731 4058 27
750 4007 778 4056 et
794 4000 838 4057 28·
888 3998 919 4068 2)
937 3999 979 4055 ad
1003 3997 1079 4054 Fert.
1101 4009 1174 4076 pap.
1190 3999 1241 4055 211
1266 4005 1326 4055 not.

281 4085 312 4156 3)
338 4086 377 4158 ef.
405 4086 515 4160 tiapm.
541 4095 615 4162 trop.
637 4086 745 4144 inc.fl.
803 4087 833 4154 t)
859 4083 898 4156 cf.
919 4101 995 4158 pap·
1008 4085 1050 4142 32.
1102 4089 1132 4159 5)
1158 4087 1196 4144 de
1219 4085 1326 4144 lamio

276 4178 369 4246 poeta
386 4170 599 4244 Redlnphusae
621 4172 695 4228 1830.
746 4174 778 4245 il)
795 4179 884 4246 pcctt.
901 4170 1018 4230 muna.
1041 4171 1181 4246 reliquiae
1195 4189 1265 4246 pap.
1282 4172 1325 4228 85.

280 4255 325 4309 88.
375 4256 404 4324 7)
424 4255 464 4310 cd
484 4255 573 4311 Cicer.
593 4255 676 4312 Orat.
695 4277 767 4334 pap.
784 4258 844 4316 360.
903 4257 935 4327 8)
958 4275 1027 4330 pap.
1049 4257 1093 4314 aa
1145 4255 1324 4326 9)at1clcct.

282 4342 375 4394 mtto.
394 4357 467 4413 pap.
484 4340 527 4395 36.
580 4341 625 4407 10)
644 4340 663 4392 l.
683 4341 702 4397 1,
