2890 4948
561 355 895 441 ,..1427-

223 535 494 717 Henngntnus·¹),'
512 560 579 652 qui,
602 560 764 650 probante
786 555 984 648 Munkic¹),
1005 563 1052 630 ita
1073 561 1139 630 hoa
1160 583 1278 634 versus

224 671 318 717 emen
343 673 362 716 a
387 672 395 714 :

350 790 427 868 quid
449 761 594 850 decumas
617 788 744 866 partes?
768 743 916 864 duantum
939 790 980 849 mi
1003 789 1094 853 alieni
1119 791 1188 864 tuat,

350 877 467 955 pallui
490 876 544 936 tibi
565 877 625 936 iam
647 874 835 954 publicanda
858 875 950 952 epulo
973 876 1118 938 Herculia

351 963 515 1038 decumas,

221 1089 326 1156 verba
354 1087 431 1156 esse
459 1102 551 1158 ratus
581 1085 814 1176 exprobrantis
842 1077 1003 1154 beneficia
1031 1089 1064 1155 in
1093 1092 1276 1176 parasitum

223 1175 354 1243 collata.
400 1175 509 1264 Atque
532 1195 569 1244 re
590 1198 672 1242 vera
688 1175 870 1260 parasitum
885 1185 919 1239 et
939 1173 1072 1244 militem
1096 1175 1276 1262 gloriosum

222 1262 380 1330 eNaevii
410 1275 449 1328 et¹
474 1257 580 1330 Plauti
604 1261 782 1330 Colacibus
814 1261 846 1327 iu
879 1281 972 1326 suam
1002 1283 1039 1326 se
1067 1264 1275 1330 transtulisse

221 1349 417 1416 Eunuchum
454 1343 627 1416 Terentius
665 1347 806 1427 fatetur,
847 1356 902 1426 ut,
950 1353 1024 1412 utra
1059 1363 1202 1434 persona
1240 1353 1275 1416 in

220 1433 339 1500 Naevii
363 1429 485 1502 Colace
507 1437 621 1521 egerit,
635 1436 830 1517 ambigatur.
874 1433 909 1497 ln
932 1434 1043 1499 verbis
1059 1447 1180 1516 antem,
1197 1458 1274 1522 qua·

220 1519 266 1586 lia
288 1521 376 1606 apud
398 1523 602 1588 Priscianum
617 1520 782 1608 leguntur,
804 1512 885 1584 nihil
903 1525 965 1597 est,
989 1523 1076 1608 quod
1092 1523 1274 1606 parasitum

221 1605 355 1687 indicet,
376 1627 491 1674 verum
515 1608 649 1674 militem
671 1606 851 1690 gloriosum
873 1607 1023 1688 produnt.
1068 1605 1112 1673 Ut
1134 1609 1271 1674 enimin

220 1691 326 1760 Milite
363 1691 507 1778 glorioso
549 1693 698 1758 Plautino
736 1689 934 1774 Artotrogus
974 1691 1270 1780 Pyrgopolynicem

222 1799 317 1845 suurn
340 1783 476 1845 summis
497 1772 649 1846 laudibus
672 1775 778 1856 effert,
808 1779 906 1842 immo
929 1769 1000 1842 Diis
1022 1797 1095 1844 eum
1117 1782 1271 1866 aequipa-

220 1870 340 1947 rav),
381 1878 481 1950 utque
509 1858 751 1950 Stratophanes
789 1859 822 1927 in
853 1859 1052 1929 Truculento
1064 1869 1097 1949 ⁴)
1132 1878 1164 1932 et
1196 1867 1270 1952 ipse

220 1950 442 2018 fortitudinem
472 1969 592 2038 resque
613 1967 635 2016 a
656 1970 694 2014 se
718 1961 831 2034 gestas
863 1949 1033 2033 praedicat
1053 1961 1086 2016 et
1106 1953 1150 2016 ab
1173 1951 1271 2018 Asta·-

220 2036 301 2122 plric
323 2037 446 2102 aneilla
467 2051 603 2123 propter
624 2035 770 2103 validum
792 2038 864 2122 ejus
886 2031 1028 2100 animum
1050 2039 1271 2120 praedicatur,

220 2124 318 2189 immo
341 2140 379 2189 se
402 2143 475 2189 cum
499 2125 631 2189 Theseo
654 2121 709 2187 vel
729 2119 871 2188 Hercule
891 2123 1056 2206 componit
1069 2125 1120 2209 ⁵)a
1143 2125 1189 2190 ita
1205 2123 1271 2191 lrua

219 2207 298 2274 loco
311 2211 433 2274 neseio
464 2207 536 2296 quis
563 2206 718 2275 adulator
746 2203 880 2273 militem
908 2207 1091 2291 gloriosum
1114 2217 1272 2296 unquam

220 2294 359 2362 alterum
379 2295 553 2362 Herculem
575 2295 758 2380 praedicat,
785 2295 841 2360 cui
863 2295 1020 2360 decumas
1042 2296 1269 2365 Herculaneas

144 2437 149 2448 .
220 2381 469 2450 immolaverint.
516 2377 628 2450 Verba
650 2391 759 2446 autem
780 2381 855 2464 ipsa
875 2381 921 2446 ita
944 2378 1112 2466 intelligo:
1141 2382 1293 2467 pollici·-

220 2479 275 2534 tus
293 2464 511 2548 erat,.nescio
535 2467 626 2554 quis,
656 2488 694 2534 se
716 2469 886 2532 decumam
907 2479 1036 2552 partem
1067 2461 1129 2533 r'el‘
1142 2481 1270 2553 partem

219 2551 463 2622 Herculaneanr
476 2558 508 2639 6)
525 2554 618 2620 militi
638 2555 692 2618 isti
707 2552 865 2638 glorioso,
881 2563 994 2638 utpote
1011 2547 1118 2640 ipsum
1135 2553 1270 2622 heroem

219 2639 408 2707 fortitudine
430 2641 595 2725 aequanti,
618 2649 695 2724 post
716 2639 828 2704 oblata
843 2636 976 2705 Herculi
997 2661 1107 2720 sacra,
1132 2645 1224 2724 (nam
1246 2663 1269 2706 u

217 2727 420 2812 publicando
442 2730 541 2812 epulo
563 2735 614 2791 est
631 2734 711 2811 post
728 2721 821 2810 publ·
844 2722 957 2811 ep.⁷))
981 2748 1024 2791 ex
1045 2727 1086 2792 iis
1107 2747 1192 2812 quae
1214 2749 1268 2792 su·

173 2862 176 2866 .
220 2815 347 2897 persint
376 2814 413 2897 (ἰ.ι
436 2833 465 2879 e.
496 2820 652 2900 quantum
681 2813 782 2877 alieni
801 2813 870 2914 sicit
902 2829 948 2876 se.
980 2835 1082 2898 quam¹
1100 2813 1266 2893 Herculis)

219 2898 404 2964 oblaturum
428 2917 514 2963 esse.
545 2898 737 2982 ¹Pollucem
757 2917 840 2962 earm
860 2901 1001 2984 proprie
1022 2895 1188 2979 dicuntum
1211 2896 1268 2986 qui

216 2994 348 3070 purtem
377 2983 525 3050 uictimae
547 2988 671 3068 pupulo
692 2985 906 3070 promittunt,
929 2993 965 3048 ut
990 2994 1265 3070 uescutrtr,'post·

220 3091 316 3157 quum
344 3088 428 3154 pars
457 3071 534 3135 Diis
566 3071 652 3138 duta
678 3079 710 3136 et
737 3080 899 3156 porrecta
927 3075 1029 3156 θεῖ’),
1079 3071 1155 3136 Noli
1187 3089 1266 3137 vero

221 3178 295 3222 cum
325 3156 447 3222 Bothio
484 3157 651 3222 offendere
680 3157 714 3223 in
746 3157 841 3222 vocis
877 3157 1028 3223 decumus
1063 3159 1265 3244 repetitione.

222 3243 360 3318 Quaerit
381 3246 466 3308 enim
487 3243 581 3310 miles
601 3265 643 3308 ex
664 3242 844 3320 adulatore,
865 3265 942 3309 num
966 3247 1122 3312 decumas
1143 3255 1267 3310 tantum

220 3331 283 3395 sibi
307 3332 477 3408 voverint,
508 3327 564 3394 vel
585 3329 717 3395 Herculi
739 3339 864 3395 tantum
885 3332 1182 3420 aequiparaverim,
1211 3327 1267 3418 qui

217 3410 392 3484 Herculem
414 3427 523 3482 tamen
544 3413 646 3483 mulfo
669 3426 803 3502 superet
816 3418 859 3499 ⁹).

218 3583 427 3616 anulum-utu
506 3597 509 3602 ·

288 3721 318 3794 1)
333 3717 383 3777 tt.
417 3724 448 3790 ’2)
466 3715 485 3777 ἱ.
500 3722 519 3777 1.
532 3739 605 3796 puy.
623 3721 682 3780 167.
716 3715 885 3794 8)l.t.11⁴
919 3713 1145 3794 eilwinum
1180 3713 1264 3794 5)liu

133 3851 140 3874 t
217 3826 309 3880 259:
334 3822 487 3894 legendum
509 3823 586 3876 enim
608 3821 707 3876 duae
725 3821 849 3876 Ponto
866 3813 1078 3880 Amazonas
1095 3843 1163 3882 cum
1184 3823 1265 3881 aare

217 3924 289 3980 tero.
322 3925 354 3996 6)
378 3924 546 3982 Tuuhmunn
562 3924 603 3979 ud
619 3911 720 3978 Plana.
742 3917 835 3977 Stielu
851 3917 872 3976 l.
885 3926 911 3984 3.
924 3929 959 3984 80
970 3931 1000 3980 et
1014 3925 1121 3982 Bacch,
1131 3927 1211 3986 lm
1221 3931 1262 3987 15.

217 4023 335 4082 Goeller
360 4025 401 4082 ud
423 4024 583 4081 Truculmt·
599 4027 659 4081 549.
679 4040 751 4097 pay·
768 4029 826 4082 117.
879 4025 908 4096 7)
934 4027 974 4100 cf.
993 4027 1083 4085 Hand
1107 4031 1225 4086 Turseli.
1240 4029 1263 4086 l.

211 4145 284 4204 pap.
301 4131 335 4188 45
352 4145 431 4200 appa
457 4123 783 4185 annumeremur.
804 4141 876 4216 pap.
893 4133 919 4188 8.
962 4134 991 4203 8)
1011 4131 1153 4189 Murem.
1173 4133 1263 4206 amoq.

211 4247 284 4308 pay·
299 4234 359 4290 844.
416 4230 446 4300 9)
466 4229 505 4301 cf.
522 4227 625 4285 Plaut.
639 4227 702 4284 mil.
714 4228 790 4302 plur.
806 4226 826 4284 l.
843 4237 867 4288 1.
881 4235 925 4292 27.
