2864 4944
482 367 734 442 -57...

82 547 140 614 ulii
158 566 230 614 oum
251 548 393 636 ooujedt
412 545 561 628 Merula,
582 547 798 633 probantibus
828 545 948 616 Botlnio
969 559 1004 620 ot
1022 547 1130 636 Span-

83 634 284 718 geubergi03
306 636 425 700 ademi
443 642 475 699 cl
495 635 635 718 auspice
649 653 765 718 margo
780 633 955 718 Junianae,
968 635 1056 702 unde
1070 636 1130 702 ad·

82 723 171 784 uenit
190 718 340 798 Merula,
369 720 477 785 Herm.
501 718 597 784 Both.
619 719 764 804 Spang.;
786 721 920 786 aduenit
941 728 973 785 et
993 720 1130 788 Duentz.

79 808 242 888 probante
263 805 453 882 Schuetti03
474 807 639 889 auspiciat
659 803 743 871 liber
763 805 934 886 Mercerii;
954 805 1130 892 legendum

78 893 249 974 aruspiouit
271 891 323 956 vel
344 894 509 975 auspicii,
532 911 617 978 quae
639 899 691 954 est
712 891 850 976 perlecti
871 891 978 958 forma
1000 903 1129 959 contra·

79 987 136 1040 cta
151 981 205 1056 ¹);
232 995 428 1060 prosperum
448 976 543 1041 uncis
563 975 725 1046 inclusum
749 976 912 1042 invenitur
930 977 964 1041 in
988 977 1131 1043 editione
1179 983 1183 988 “

79 1059 183 1126 Hadr.
206 1060 294 1126 lunii
321 1061 527 1127 Flaminiana
548 1071 581 1126 et
599 1061 749 1126 Parisino
770 1061 852 1126 1511
874 1060 999 1146 primo,
1028 1081 1131 1148 quare

78 1148 303 1211 exsecandam
314 1147 526 1211 hancvocem
542 1146 845 1211 statuuntlladrian.
853 1145 981 1226 lunius,
989 1146 1129 1227 Merula,

77 1230 203 1310 Herm,
223 1231 318 1334 lieth.
341 1231 488 1297 Schuett.
506 1231 637 1334 lnjuria.
680 1229 762 1332 (lum
776 1232 863 1333 euim
883 1230 969 1298 haec
989 1251 1077 1336 vox,
1099 1235 1129 1300 si

73 1316 1129 1506 :iiililtiiitigitiitiiiii’iiiiii‘iili

71 1486 1128 1658 muns,intimamusullumaneta

159 1682 196 1747 ln
218 1681 416 1766 explicando
450 1691 559 1748 autem
597 1679 663 1746 hoc
684 1681 868 1765 fragmento
892 1704 1007 1750 omues
1028 1682 1127 1750 inter·

70 1777 206 1851 protes,
238 1778 351 1852 utpote
374 1769 496 1852 spretis
517 1765 696 1833 Naevianis
716 1767 827 1834 verbis
858 1787 921 1834 sua
942 1777 1128 1836 commenta

70 1851 300 1929 illustrantes,
331 1852 439 1943 falsos
468 1871 544 1918 esse
572 1852 652 1917 mihi
681 1851 810 1939 quidem
838 1855 1126 1938 persuasissimum

71 1937 195 2004 habeo.
238 1937 315 2022 lpso
352 1939 436 2003 enirn
465 1937 592 2004 Naevio
621 1940 769 2002 narranti
797 1937 888 2006 huuc
915 1959 1048 2007 versum
1068 1941 1127 2006 tri-

73 2024 204 2102 buunt,
234 2024 383 2108 quamvis
411 2023 554 2088 futurum
582 2023 733 2088 adomiet
762 2023 884 2090 docere
904 2045 966 2091 eos
984 2035 1126 2111 poterat,

73 2128 146 2174 non
167 2109 209 2174 de
228 2105 361 2193 Regulo
381 2109 533 2192 auspicio
555 2118 709 2192 captante
727 2127 912 2175 sermonem
926 2129 1013 2178 esse.
1054 2109 1126 2176 Ma·

73 2191 149 2258 lunt
169 2203 278 2258 autem
299 2193 390 2258 multi
412 2191 576 2279 hodieque
597 2194 702 2260 cdtici
724 2214 783 2273 ea,
805 2214 891 2280 quae
919 2215 987 2262 nou
1015 2195 1127 2261 statim

73 2276 282 2362 intelligunt,
303 2291 449 2356 mutere,
477 2289 514 2344 ut
533 2279 728 2346 sententiam
748 2300 845 2348 suam
863 2291 986 2348 temere
1007 2300 1127 2348 conoe·

72 2376 169 2449 ptam
191 2365 357 2430 veteribus
387 2365 562 2429 obtrudant
589 2365 825 2449 scriptoribus,
853 2386 949 2451 quam
970 2376 1068 2432 caute
1087 2366 1127 2433 ti·

72 2449 229 2534 mideque
251 2467 335 2526 eam,
358 2469 443 2532 quae
461 2468 535 2512 eum
551 2449 749 2532 scriptorum
763 2450 874 2515 verbis
889 2451 1021 2534 optimis
1043 2470 1064 2517 o
1089 2452 1126 2516 ti·

73 2557 133 2600 me
155 2541 337 2616 congruat,
358 2533 554 2621 ¹sententiam
576 2533 841 2616 circumspicere.
882 2533 1041 2619 Equidem
1061 2471 1128 2604 gae

74 2622 110 2686 iu
134 2639 172 2686 rc
199 2617 344 2684 timidum
365 2637 418 2682 me
447 2638 545 2704 quum
574 2616 716 2683 calidum
745 2616 861 2684 haberi
889 2617 988 2686 malo.
1031 2617 1128 2695 Quae

73 2726 153 2772 cum
176 2703 222 2770 ita
243 2705 328 2782 sint,
350 2704 453 2768 verbo
472 2700 532 2766 illa
553 2701 772 2787 speculatoris
793 2705 965 2789 eujusdam
985 2703 1128 2770 Romani

72 2811 153 2856 esse
174 2789 343 2867 videntur,
365 2789 421 2876 qui
440 2786 591 2872 Regulo,
613 2789 719 2853 aciem
740 2787 932 2870 instruenti,
964 2787 1128 2874 Xanthip-

72 2898 173 2962 pum,
214 2876 335 2959 quippe
373 2873 425 2939 cui
455 2893 649 2958 prosperum
688 2873 871 2958 auspicium
898 2873 1071 2958 contigerit
1081 2875 1128 2959 ⁴),

72 2981 155 3026 mox
174 2960 389 3026 adventurum
419 2979 496 3024 esse
522 2958 632 3024 refert
674 2957 759 3024 Nam
780 2957 822 3024 de
843 2957 1024 3046 Xanthippi
1045 2979 1127 3026 uun·

74 3047 129 3114 cio
152 3043 294 3133 quodam
310 3065 355 3112 ue
375 3045 570 3131 cogitemus,
591 3042 789 3132 adjectivum
808 3064 1005 3131 prosperum
1025 3055 1126 3114 vetat.

579 3160 612 3228 3.

160 3271 352 3355 Nonius⁶)=
376 3275 639 3352 vicissatim,
665 3289 730 3356 per
750 3273 846 3338 uices
893 3269 1041 3339 Naeuiae
1060 3269 1127 3340 del-

75 3363 101 3428 li
126 3359 246 3427 Poenici
269 3357 353 3425 libro
376 3367 516 3445 quarto:

89 3537 92 3544 .
202 3469 377 3538 vicissitim
396 3475 479 3536 uolui
498 3471 661 3533 uicidriam

144 3713 173 3780 l)
189 3713 374 3771 Lindemann
390 3711 427 3769 de
441 3718 498 3769 oet.
514 3709 581 3768 Lai.
596 3707 666 3784 llnq.
680 3705 799 3788 prosod.
814 3721 885 3782 pap.
902 3707 998 3774 xxm
1016 3705 1127 3766 Becker

74 3797 112 3855 de
128 3813 201 3854 cona
218 3797 307 3855 Rom.
332 3797 395 3869 fad.
415 3813 484 3871 paq.
504 3796 554 3860 lli
570 3793 717 3850 mentam
734 3796 764 3844 et
780 3787 889 3845 barsel
906 3789 926 3848 l.
945 3792 965 3847 l.
978 3809 1050 3866 paq.
1075 3793 1127 3866 eu,

75 3883 168 3940 Bothe
193 3883 234 3939 ad
263 3882 375 3938 lerant.
393 3881 514 3936 Plorat.
532 3879 656 3948 1185
685 3875 772 3931 uiua.
792 3870 885 3929 Setia.
901 3872 982 3950 frop.
998 3875 1017 3931 8
1033 3875 1126 3931 Noai.

74 3967 105 4040 2)
139 3965 190 4022 lin.
217 3964 315 4039 Berpk
338 3969 369 4020 ia
395 3963 539 4027 zeitschr.
562 3961 616 4034 fuir
639 3957 763 4018 Altortlt.
792 3960 870 4019 1848.
891 3977 963 4034 paq.
988 3959 1047 4020 187.
1097 3959 1127 4029 ³)

73 4041 174 4104 Korne
186 4052 218 4102 in
235 4047 270 4104 Ζ.
288 4050 312 4121 f.
331 4049 364 4106 A.
384 4051 458 4106 1841.
472 4064 545 4123 pay.
563 4044 640 4100 luel.
692 4046 722 4114 1)
747 4045 784 4100 de
809 4063 890 4101 more
914 4053 1052 4110 ueterum,
1077 4061 1127 4101 aa·

73 4142 190 4208 tequam
201 4133 351 4211 proelium
368 4135 599 4197 commutemur,
627 4132 760 4202 auspicia
777 4129 950 4204 auqricandi
967 4126 1007 4198 cf.
1024 4127 1088 4184 ato.
1105 4127 1129 4182 1.

73 4219 115 4276 36.
132 4221 168 4290 u,
194 4217 242 4274 Vl.
267 4219 310 4272 11.
334 4220 368 4284 1;
392 4217 542 4274 Duacan’s
569 4215 687 4280 Roma,
711 4231 766 4268 uon
791 4213 951 4288 Heusinger
971 4229 1044 4288 pap.
1071 4211 1128 4268 lut.

75 4305 104 4374 5)
121 4324 145 4362 s.
163 4323 189 4363 o.
207 4304 365 4361 vicissatim
376 4317 449 4376 paq.
468 4299 518 4356 183
535 4295 638 4364 Mero,
656 4295 707 4356 124
726 4296 805 4355 θινὶ.

793 4391 845 4457 5*
