2918 4952
629 349 907 424 -160-

332 529 471 596 Mettum
489 529 667 620 jamblcnm
689 535 760 608 est,
781 531 869 615 quud
893 551 966 596 cunt
988 551 1053 598 non
1076 531 1224 598 viderant
1245 533 1291 598 in·

247 628 428 700 terpretes,
450 619 585 682 summis
611 613 772 682 machinis
795 611 949 682 adhibitis
970 629 1027 684 aut
1048 618 1292 684 contrahendas

246 721 350 768 voces
377 715 454 768 esse
483 707 729 786 statuerunt1),
758 713 815 766 aut
846 704 1044 790 conjecturis
1065 704 1291 782 indulserunt;

244 791 366 876 quippe
387 789 428 854 de
448 785 614 854 truolnicu
636 802 735 853 verso
755 789 955 872 cogitabant,

331 889 484 963 Veterem
507 894 689 964 Atticorum
719 899 922 964 comoediam
944 898 1030 966 baec
1050 913 1168 984 sapere
1193 901 1293 964 nemo

246 980 388 1068 negabit
432 985 466 1048 ln
495 983 617 1049 sabulis
645 979 898 1067 Aristophaneis
929 985 1066 1050 similem
1099 988 1293 1051 senteutiam

244 1070 368 1155 legisse
388 1085 441 1134 me
463 1072 611 1149 memini,
642 1073 705 1134 etsi
735 1069 843 1134 locum
872 1073 1017 1155 reperire
1045 1072 1186 1156 nequivi.
1232 1073 1292 1137 Est

244 1169 352 1223 autem
367 1155 463 1221 locus
478 1155 564 1220 band
586 1173 723 1240 prorsus
742 1155 901 1221 'absimilis
920 1157 952 1221 in
974 1159 1090 1222 comici
1105 1159 1234 1222 Avibus
1247 1159 1289 1242 ²).

330 1261 517 1331 Omisentnt
539 1277 571 1331 et
591 1265 657 1331 boo
678 1263 897 1347 fragmentum
912 1269 1065 1354 editores,
1081 1281 1113 1334 et
1127 1268 1172 1348 id,
1189 1268 1288 1355 quod,

243 1350 386 1420 aFesto
409 1360 595 1434 servatum,
622 1351 785 1440 subjunxit

744 1505 776 1569 2⁸

327 1607 513 1700 Festus³):
543 1607 696 1701 quintium
721 1625 789 1698 pro
820 1625 924 1702 'pltare
952 1620 984 1682 et
1013 1635 1074 1681 cur
1094 1606 1289 1700 positumei

244 1703 336 1790 upted
364 1705 536 1850 untiqpps,
558 1711 595 1766 ut
619 1701 780 1767 Naeuium
800 1703 835 1768 in
858 1705 1002 1768 carmine
1025 1703 1145 1770 Punici
1166 1701 1286 1784 pepp)

313 1799 343 1856 el
363 1793 546 1854 insuere:
1296 1803 1298 1807 '

368 1900 515 1982 quianam
536 1893 718 1962 Saturniam
737 1904 886 1978 populum
906 1891 1058 1979 pepulisti
1067 1903 1101 1964 ..θ

241 2013 274 2077 ei
300 2011 335 2073 in
364 2009 497 2092 sutprot
528 2008 682 2092 puiununu
710 2029 813 2094 penas
842 2011 914 2087 isti,
944 2016 976 2072 ct
996 2010 1031 2072 in
1053 2015 1168 2094 satyra
1190 2006 1285 2083 cod}

241 2105 273 2163 et
300 2098 336 2160 in
357 2094 555 2179 'suipra-uti
582 2091 721 2158 delenda
750 2106 840 2160 recte
869 2096 981 2160 statuit
1009 2093 1207 2170 Muellerus,
1236 2105 1286 2159 ιιιὅ

238 2195 317 2270 pote
337 2201 356 2244 e
377 2178 463 2243 male
485 2175 632 2262 repetitis
652 2181 763 2246 verbis
781 2178 1054 2266 praecedentibus
1076 2191 1150 2247 orta
1166 2193 1200 2245 et
1213 2178 1287 2268 jara
1346 2259 1351 2266 Ι

238 2272 283 2336 ab
304 2261 426 2332 Ursino
447 2266 544 2328 trucis
564 2262 705 2356 incluse,

324 2376 478 2452 Queritur
500 2376 548 2454 is,
578 2378 673 2463 cujus
695 2367 797 2441 'verba
820 2379 906 2455 sunt,
930 2367 970 2440 tle
993 2386 1148 2460 obnupta
1175 2375 1285 2440 aetate
1328 2394 1330 2396 ·

237 2479 310 2548 soa,
332 2479 392 2530 eor
412 2461 545 2528 Saturni
566 2473 706 2530 aetatem
727 2458 820 2528 Deos
841 2463 1044 2544 exstinxerit,
1064 2479 1199 2547 rogans

643 2653 645 2660 ’
697 2623 822 2718 Zuptts.

324 2745 464 2836 'lamere
492 2745 663 2834 Scaliger,
694 2753 748 2816 cui
776 2742 949 2817 Decianus
971 2751 1004 2816 ei
1026 2741 1163 2816 Botltius
1184 2741 1283 2816 adsto

237 2838 409 2928 palantur,
441 2837 570 2901 Ludunt
599 2835 683 2902 hanc
712 2837 856 2904 fabulam
886 2859 908 2904 a
936 2839 1063 2904 Naevio
1092 2837 1283 2921 inscriptam

234 2927 339 2994 luisse
367 2924 489 2988 statuit.
533 2921 633 2988 Nulla
664 2924 769 3003 enim,
797 2946 856 2989 cur
877 2945 898 2989 a
919 2923 1061 3008 librariis
1091 2934 1281 3007 corruptum

233 3010 366 3080 tabulae
395 3023 514 3090 nomen
543 3008 730 3089 arbitreris,
763 3029 867 3075 causa
894 3021 955 3076 est.
1007 3011 1129 3077 Nescio
1159 3021 1296 3094 tamen,¹

235 3115 278 3165 an
296 3096 409 3180 Lupus
432 3091 499 3158 alia
521 3093 564 3158 sit
585 3093 734 3176 Romuli,
766 3095 899 3162 fabulae
919 3107 1070 3180 togatae,
1099 3095 1280 3180 inscriptio,

234 3201 301 3272 que
329 3183 361 3246 in
392 3178 504 3245 fabola
535 3177 663 3244 Romae
685 3182 881 3268 ¹conditores
909 3201 929 3248 a
957 3181 1035 3268 lupo
1065 3183 1202 3247 nutritos
1232 3179 1278 3246 le·

234 3271 322 3336 cisse
344 3267 504 3332 Naevium
526 3276 666 3330 constat
679 3270 712 3348 ⁵)
755 3265 906 3352 Accedit,
927 3269 1014 3354 quod
1037 3269 1160 3334 Albani
1180 3269 1280 3349 autulii,

232 3355 307 3436 vel,
335 3354 365 3420 si
397 3351 560 3436 Scaligeri
589 3353 848 3420 emendationem
879 3356 973 3440 sequi
1002 3356 1125 3432 maviS,
1156 3346 1280 3418 Albani

233 3441 357 3510 Anatilii
384 3440 416 3504 in
447 3430 540 3522 Lupo
570 3442 691 3504 mentio
720 3439 765 3505 fit.
815 3441 881 3506 Sed
912 3441 1057 3508 comicus
1087 3441 1216 3526 quidam
1244 3441 1279 3504 in

229 3528 382 3594 versibus
405 3544 426 3588 a
447 3515 547 3588 Festo
570 3525 711 3590 servatis
734 3525 826 3591 color
848 3527 953 3606 inest,
984 3526 1037 3592 vel
1062 3529 1171 3611 potius
1193 3525 1277 3591 adeo

231 3611 376 3702 corrupti
397 3619 491 3694 sunt,
512 3619 565 3694 ut,
587 3611 664 3695 quid
686 3625 800 3677 verum
820 3609 882 3694 sit,
911 3613 968 3678 vix
988 3614 1125 3700 reperiri
1157 3613 1275 3698 possit

744 3756 773 3830 i.

106 3894 110 3902 ’
231 3960 239 3986 ι
281 3869 500 4030 ZFestostt
530 3865 735 3956 redhostire,
759 3869 904 3964 pretium
931 3876 1074 3966 referre.
1129 3865 1277 3944 Nasu-tur

225 3979 261 4033 td
314 3984 399 4048 ttpot

300 4183 326 4251 t)
344 4196 414 4235 num
439 4187 503 4256 tttm
522 4177 689 4236 Hermanno
705 4169 837 4233 Orellittu
856 4171 947 4234 bovi
964 4180 1191 4252 monosyllabum
1215 4199 1276 4236 esse

226 4267 295 4322 uult.
338 4266 367 4332 2)
385 4281 408 4318 o.
421 4261 486 4318 1694
503 4261 591 4318 bruxa.
634 4266 664 4330 8)
682 4262 700 4315 l.
719 4262 738 4315 l·
780 4265 809 4332 4)
830 4262 870 4334 cf.
886 4281 955 4340 papa
972 4271 1015 4325 78.
1057 4269 1088 4340 5)
1107 4266 1147 4338 ef.
1163 4267 1274 4342 srapmt

63 4427 75 4444 η
197 4349 341 4406 ·Rcmttl.
360 4356 385 4404 1.
436 4350 550 4422 &papa
571 4347 739 4408 nonsart.
