2864 4944
653 367 901 440 ...5⁴2-

267 565 352 623 mse
374 561 471 630 quent
492 545 622 626 dicunt,
650 545 831 630 quadratae
850 543 1103 628 descriptionem
1132 543 1237 612 verba
1258 561 1311 611 re·

259 635 405 714 spicere·
430 631 578 696 arbitror.
628 631 702 696 Non
737 633 822 696 enim
855 632 897 694 de
925 632 998 714 ipso
1028 641 1150 716 ponte,
1178 629 1240 698 sed
1270 631 1314 698 de

270 719 378 784 Tiberi
400 716 457 782 illo
478 716 553 782 loco
574 715 695 783 iluentc
716 727 816 802 poem
837 715 977 782 disserit.

764 851 815 918 10.

264 973 267 982 '
355 947 562 1044 'Servius1t2
598 933 745 1036 Nomius
772 980 804 1036 et
834 972 962 1038 Ennius
980 972 1126 1038 -Aencue
1161 991 1203 1038 ax
1237 969 1314 1056 filia

263 1053 416 1154 [nopotem
444 1053 626 1136 Romulum,
649 1059 848 1132 cornuorum,
868 1059 1180 1141 oromobiorum).

767 1195 818 1258 11.

265 1301 267 1308 ’
354 1307 481 1376 Marius
502 1307 691 1377 Victorinus
703 1315 756 1398 3);
779 1313 871 1399 opud
896 1313 1055 1380 Noctium
1076 1315 1141 1396 (se.
1161 1309 1292 1394 inueni)

265 1481 282 1500 -.
384 1435 503 1496 movim
523 1408 616 1496 Jouis
637 1440 807 1498 concordes
825 1438 915 1515 filiae
936 1442 1071 1498 sorores.

265 1551 414 1620 'Eundem
450 1569 582 1616 versum
620 1551 734 1617 laudat
769 1551 889 1616 Atilius
925 1551 1179 1618 Fortunatiauus
1197 1552 1231 1632 4)
1268 1547 1314 1616 ad

269 1657 407 1723 eumque
434 1633 580 1726 alludere
601 1640 729 1702 videtur
750 1637 963 1704 Terentianus
984 1637 1120 1712 Maurus
1133 1639 1184 1719 ⁵)=

395 1769 430 1822 ut
451 1765 482 1820 si
501 1771 590 1822 uocet
611 1763 855 1842 Camenas-quis
876 1785 984 1827 nouem
1006 1783 1134 1854 sorore?
1162 1821 1166 1838 ,
1266 1761 1272 1780 “

270 1875 408 1944 Bothius
421 1897 552 1940 versum
568 1896 587 1940 e
602 1878 773 1942 comoedia
792 1879 993 1964 depromitum
1009 1899 1085 1945 esse
1104 1875 1313 1961 opinotm‘t

355 1997 662 2080 spangenbergio,
685 2019 781 2082 quem
802 2000 947 2083 sequitur·
969 1999 1174 2076 Schuettius,
1195 1995 1228 2058 in
1251 1993 1312 2058 ini·

270 2083 315 2148 tio
338 2084 491 2146 carminis
519 2081 581 2148 hos
610 2103 727 2148 versus
758 2087 884 2168 positos
912 2084 1015 2150 fuisse
1044 2094 1147 2168 putat,
1174 2084 1260 2146 bene
1284 2081 1315 2146 si

232 2249 234 2252 Ι
270 2169 314 2235 ad
342 2168 581 2250 Virgilium),
611 2169 697 2234 male
726 2171 755 2234 si
783 2172 825 2234 ad
854 2167 1027 2236 Homerum
1044 2173 1075 2252 8)
1105 2168 1316 2252 respicimus,

270 2273 365 2339 quem
395 2253 540 2318 Naevius
571 2255 642 2318 sine
671 2256 768 2319 dubio
798 2279 864 2320 non
895 2259 1025 2326 omnino
1053 2257 1209 2338 neglexit,
1235 2264 1314 2318 ute

171 2363 174 2369 ·
271 2339 490 2424 compluribus
509 2340 591 2404 locis
620 2341 833 2406 demonstrari
860 2336 1023 2429 putest9).
1066 2339 1160 2422 Nam,
1189 2351 1226 2404 ut
1243 2339 1313 2402 'Hu-

269 2447 391 2504 meruS,
413 2426 559 2492 Naevius
581 2426 678 2492 etiam
706 2427 833 2511 priores
854 2430 904 2493 sui
927 2431 1079 2496 carminis
1100 2427 1203 2492 libros
1226 2426 1313 2490 duos

270 2513 428 2596 prooemii
452 2512 554 2576 instar
576 2514 753 2596 praemisit,
774 2517 817 2580 ita
839 2527 873 2581 ut
895 2517 1009 2594 tertio,
1038 2509 1313 2604 quemadmodum
1428 2502 1429 2530 ¹

270 2615 371 2682 supra
392 2597 580 2682 docuimus,
593 2601 741 2662 acerrimi
764 2598 842 2664 belii
859 2604 1021 2668 enarratio
1037 2599 1204 2683 inciperet.
1240 2597 1314 2662 Sub
1428 2631 1429 2646 ι

268 2681 365 2747 fluenr
395 2703 474 2746 vero
510 2685 645 2751 secundi
680 2683 754 2748 iibri
785 2687 951 2772 utriusque
983 2686 1096 2772 pupuli
1126 2683 1247 2751 auxilia
1280 2693 1314 2746 et

268 2789 362 2853 opes,
385 2768 448 2834 nisi
471 2761 602 2854 egiegie
623 2767 776 2849 fallimur,
799 2775 960 2856 exposuit,
983 2785 1018 2838 ut
1040 2771 1165 2853 etipse
1189 2771 1313 2834 Home·
1428 2769 1429 2776 ’

269 2877 344 2938 rus,
372 2856 428 2940 qui
453 2855 530 2920 haic
560 2855 636 2920 loco
666 2856 832 2922 Musarum
858 2861 1102 2925 invocationem
1130 2856 1313 2942 praemisit.

268 2941 363 3016 Quae
391 2961 446 3004 res
475 2959 527 3004 me
554 2943 674 3018 movit,
703 2954 738 3007 nt
766 2943 831 3008 boc
859 2944 1075 3029 fragmentum
1104 2942 1313 3010 insecundo

267 3026 382 3092 Punici
405 3025 482 3090 belli
505 3024 589 3089 libro
612 3029 752 3110 positum
774 3029 878 3094 fuisse
907 3033 1082 3098 crederem.
1128 3028 1229 3094 Plane
1251 3026 1313 3092 ali·

266 3124 318 3177 ter
340 3109 468 3199 judicat
495 3111 742 3191 Kreusius¹⁰)‚
780 3115 834 3198 qui
863 3117 906 3181 ad
935 3117 1032 3184 finem
1061 3115 1216 3184 carminis
1243 3113 1313 3180 huo

266 3196 485 3282 smgmonrun
505 3200 669 3284 pertinere
688 3201 811 3266 statuit.

762 3336 814 3402 12.

349 3439 625 3528 Fuscianum
651 3443 799 3514 Naeuius
812 3449 848 3514 in
867 3446 1010 3516 munnio
1030 3447 1107 3514 beili
1127 3444 1266 3512 Punici:

270 3599 275 3608 ·
320 3663 322 3668 ,
384 3563 497 3643 promo
516 3569 631 3626 incedit
652 3571 779 3670 Cereris
798 3571 994 3652 Proserpina
1012 3593 1095 3650 puer
1111 3615 1118 3632 .
1135 3563 1172 3633 .'.

263 3677 422 3768 Exempla
451 3682 545 3748 vocis
572 3702 659 3768 pum·
686 3707 747 3769 pro
773 3679 891 3771 puello*
915 3691 1044 3777 positure
1070 3690 1148 3772 ipse.
1164 3683 1309 3754 Priscia-

260 3827 468 3844 m

331 3901 357 3969 1)
376 3899 417 3956 od
439 3900 514 3973 Virp.
541 3899 610 3954 Aen.
636 3900 656 3954 1.
682 3902 742 3957 273.
795 3904 823 3972 1)
848 3903 970 3958 dicioni
989 3903 1025 3956 do
1049 3900 1103 3958 boc
1129 3903 1192 3960 loco
1216 3920 1309 3976 supra
1401 3917 1405 3926 ·

254 4001 326 4056 pop.
344 3985 405 4049 uu.;
425 3985 463 4055 cf.
483 3983 564 4040 Sero.
584 3987 602 4040 1.
620 3988 639 4040 I.
660 3987 704 4041 vl.
722 3989 781 4044 778.
832 3991 863 4060 3)
876 4007 948 4062 pop.
967 3988 1024 4042 191.
1043 3987 1137 4059 Gaios.
1189 3992 1219 4057 Δ)
1232 4007 1308 4064 pap.

258 4068 318 4123 314.
345 4067 455 4139 Gutufi,
478 4069 557 4140 faico
587 4073 669 4144 opud
690 4071 883 4130 Duentzerum
901 4091 973 4146 pop.
997 4073 1057 4127 165.
1124 4076 1154 4143 5)
1179 4089 1203 4129 u.
1223 4067 1308 4132 9514.

256 4152 375 4208 Luciam.
435 4153 463 4220 6)
487 4154 596 4228 fropm.
624 4173 695 4210 cum.
709 4175 781 4230 pop.
805 4160 847 4212 ⁸15.
906 4159 937 4229 7)
955 4157 1024 4212 Aere.
1043 4157 1062 4213 1.
1080 4160 1104 4215 8.
1163 4159 1193 4227 8)
1218 4159 1309 4215 ruod.

255 4235 287 4290 11.
306 4237 366 4292 484.
417 4236 446 4304 9)
464 4237 503 4306 cf.
522 4247 581 4296 not.
601 4241 642 4293 od
656 4240 767 4313 fraym-
787 4241 862 4300 Pnrn
881 4243 945 4300 bell.
962 4244 1008 4300 W.
1025 4245 1052 4300 u.
1107 4243 1151 4314 10)
1166 4243 1185 4300 1.
1200 4243 1308 4318 bpop.

254 4321 310 4375 138.
366 4323 409 4393 11)
429 4323 474 4378 Vi.
492 4325 518 4381 8.
532 4343 604 4398 pap.
623 4327 683 4382 248.
704 4327 803 4383 Krebl:
919 4399 924 4406 ἢ
1046 4357 1051 4364 ·
