2890 4948
654 373 906 449 ...30...

264 557 364 622 taeitn
387 554 490 636 enim,
519 563 555 620 ut
576 563 609 620 et
630 553 921 638 spangenbergtus
943 559 976 618 et
998 550 1172 618 Goellerus
1185 554 1219 640 ¹)
1253 555 1310 621 ad·

263 651 436 718 notarunt,
472 650 654 708 scommate
684 639 792 726 ipsum
823 639 913 706 hune
944 659 1076 704 versum
1104 638 1310 707 Naeuianum

264 727 387 792 Ennius
413 746 551 810 carpere
572 727 709 790 videtur.
753 725 901 812 Apparet
928 725 1046 810 igitur,
1076 745 1098 790 a
1128 745 1244 790 serare
1272 726 1309 792 il·

264 811 320 966 lpd
343 811 478 876 verbum
501 812 658 896 originem
689 811 830 896 ducere,
858 811 968 898 itaque
997 829 1137 878 seruare
1164 811 1309 881 seriben-

290 919 343 964 um
365 915 451 964 esse.

347 1030 503 1115 inprimi
530 1029 604 1095 ituri
634 1028 723 1094 initio
753 1027 819 1094 hoe
850 1029 978 1114 quidem
1007 1025 1225 1114 fragmentum
1256 1034 1308 1096 se
1388 1099 1391 1106 ,

264 1117 337 1182 dem
359 1138 453 1182 suam
475 1116 631 1182 habuisse
653 1116 794 1193 videtur,
818 1117 847 1178 si
868 1135 948 1179 vera
970 1127 1057 1194 sunt,
1080 1135 1166 1200 quae
1188 1117 1229 1180 de
1247 1117 1308 1180 En·

262 1204 318 1268 uio
350 1202 440 1266 hune
467 1200 575 1265 locum
605 1200 845 1285 perstringente
868 1200 987 1266 dieunt.
1029 1201 1138 1286 Atque
1160 1201 1193 1266 in
1216 1203 1308 1268 initio

264 1289 418 1352 carminis
440 1285 748 1370 aSpangenbergio
771 1283 910 1368 positum
931 1295 993 1366 est,
1014 1307 1089 1352 eum
1111 1307 1175 1372 quo
1197 1297 1307 1354 tamen

265 1372 454 1440 Sebuettius
475 1383 611 1438 metrum
633 1371 857 1456 pessumdedit

436 1485 518 1562 quod
540 1485 621 1548 bruti
642 1505 701 1548 nec
724 1485 797 1546 satis
822 1483 946 1546 sardare
968 1487 1086 1562 queunt
1108 1529 1117 1546 .
1141 1527 1149 1542 .

763 1634 794 1698 7.

345 1753 497 1819 Donatus
514 1755 564 1828 ²):
592 1751 740 1826 Naeuius
759 1755 795 1820 in
817 1739 1072 1821 beiio'Punieo:

362 1881 506 1982 plerique
529 1903 635 1948 munes
653 1879 842 1966 ,sumuntur
865 1889 922 1949 snb
943 1907 1034 1949 suum
1048 1879 1204 1964 judicium

261 2005 319 2070 ubi
340 2025 403 2092 qao
423 2006 498 2095 jare
521 2003 719 2092 nrrbjnnprmt
740 2008 919 2093 Spang..et
934 2007 1079 2074 Schuett.
1096 2007 1306 2086 substituant,

262 2091 325 2174 ipsi
356 2094 507 2172 videant3
543 2112 628 2176 quae
659 2095 743 2158 enim
773 2095 814 2158 de
844 2097 921 2158 aliis
950 2091 1142 2158 editionibus
1170 2101 1306 2157 annotat

262 2177 472 2260 Spangenb„
507 2178 539 2241 in
563 2175 766 2261 Stephanum
798 2191 921 2244 tantum
954 2181 1084 2244 eadunt.
1128 2177 1305 2264 Conjungit

259 2272 369 2326 autem
412 2263 501 2327 hnne
537 2283 669 2326 versum
711 2285 784 2328 eum
814 2265 1025 2350 praecedenti
1053 2264 1303 2346 spangenberg.

260 2347 321 2425 ita,
343 2358 377 2411 ut
401 2360 532 2432 poetam
555 2367 678 2414 causas
699 2367 866 2434 exponere
888 2360 988 2434 putat,
1016 2369 1075 2414 eur
1097 2347 1217 2412 beilum
1242 2349 1305 2410 Pu·

258 2433 366 2496 nieum
388 2435 526 2517 primum
549 2445 665 2509 canat3
696 2433 817 2500 multos
846 2436 931 2500 enim
952 2433 1079 2500 vstultns
1100 2435 1172 2519 ejus
1195 2431 1303 2516 'graui-

194 2551 199 2563 ·
260 2527 360 2581 tatem
391 2540 455 2583 non
486 2520 568 2586 satis
599 2517 782 2603 intelligere
809 2543 929 2604 posse,
967 2520 1161 2604 plerosque,
1194 2539 1212 2583 e
1243 2539 1303 2584 suo

260 2623 421 2690 quemque
444 2606 591 2692 ingenio,
613 2625 668 2669 res
691 2617 804 2688 gestas
826 2627 886 2672 suo
909 2607 1108 2692 subjungere
1122 2603 1260 2692 judicio.
1298 2651 1301 2668 .

343 2737 484 2820 Nescio,
504 2757 548 2803 an
570 2738 610 2805 de
633 2735 761 2822 Regulo
781 2759 892 2828 sermo
914 2740 974 2815 sit,
996 2741 1031 2804 in
1051 2739 1175 2806 Senatu
1199 2739 1301 2806 disse»

257 2833 349 2886 rente
371 2835 404 2886 et
425 2823 601 2908 plerosque
630 2825 663 2890 in
694 2845 787 2889 suam
818 2826 1031 2904 sententiam,
1066 2846 1150 2910 quae
1172 2827 1302 2910 quidem

256 2909 418 3055 principio
440 2909 561 2973 nullius
583 2911 653 2976 sere
678 2909 849 2978 Senatoris
870 2922 953 2990 erat,
976 2909 1153 2992 trahentis,
1176 2919 1212 2976 ut
1234 2909 1301 2976 bel-

270 3014 322 3055 um
351 3004 625 3076 persequerentur
652 2996 824 3080 ipsumque
855 2998 899 3062 ad
937 2996 1100 3082 supplicia
1129 2997 1301 3082 proposita

255 3077 363 3140 redire
385 3079 537 3142 sinerent.

341 3185 417 3250 Noli
452 3187 619 3254 offendere
648 3186 680 3252 in
713 3191 905 3272 pronomine
933 3190 1128 3276 possessivo
1146 3193 1201 3276 Ἣ
1238 3209 1301 3260 nec

115 3313 116 3316 =
197 3353 198 3356 Ἴ
257 3269 388 3344 insolita
411 3283 462 3340 est
486 3274 673 3361 conjunctio
698 3275 872 3342 verborum
890 3279 1042 3363 plerique
1062 3277 1227 3356 omnes4).

756 3443 788 3509 8.

259 3643 299 3712 Ν
339 3559 463 3664 Paulus
516 3559 685 3635 Diaconus
708 3565 760 3644 ⁵)=
813 3565 990 3648 runritant,
1045 3563 1298 3652 turm-iperantur.

270 3667 425 3717 uentus:

418 3764 512 3830 amnt
522 3757 555 3842 ⁶)
576 3761 660 3824 alius
680 3761 808 3830 diuinae
828 3764 977 3832 minitant
997 3767 1079 3834 inter
1099 3785 1135 3834 se
1177 3833 1179 3838 ,

252 3891 461 3912 *nn—-

323 3981 350 4047 l)
369 3983 409 4037 ud
427 3983 514 4039 Cicer.
536 3979 619 4037 Orat.
632 3997 704 4054 puy«
722 3980 783 4036 382.
833 3980 921 4050 Ded
939 3981 1049 4040 Terent.
1065 3985 1154 4042 Andr.
1173 3986 1193 4040 1.
1213 3987 1236 4042 1.
1255 3985 1296 4041 28.

252 4063 282 4131 3)
303 4064 466 4144 Rumsborn
491 4067 557 4122 Lai.
587 4065 716 4120 Gramm.
744 4067 764 4137 ἕ.
794 4069 851 4122 157.
871 4070 895 4123 4.
950 4073 979 4137 4)
1003 4070 1163 4126 Westerbuv
1180 4072 1221 4128 ad
1249 4071 1297 4126 Pe·

251 4155 326 4202 reni.
344 4149 363 4202 l.
382 4146 418 4215 i.;
447 4149 622 4222 Oudendorp
648 4150 689 4204 nd
716 4149 794 4216 Caes.
820 4151 884 4206 teti.
913 4151 989 4208 Gau.
1009 4155 1043 4210 li.
1067 4157 1109 4210 30.
1133 4161 1168 4223 43
1195 4149 1296 4208 Bremt

252 4233 292 4288 ud
310 4233 412 4306 Nepnt.
432 4233 583 4301 Eumxii.
601 4235 628 4288 2.
669 4233 699 4300 5)
711 4251 783 4310 pap.
791 4235 842 4297 Μ
859 4233 960 4292 Mbett.
999 4241 1028 4306 6)
1049 4239 1145 4299 aruer
1163 4241 1291 4294 elenwnt.

248 4336 372 4390 premnt.
391 4321 457 4376 Lar.
471 4339 542 4396 past
561 4323 618 4386 n39·
740 4401 744 4408 Ι
