2890 4948
606 407 660 436 ·-.
706 367 779 442 tat
829 401 942 422 -·-'

208 555 342 638 pecuda
363 553 450 617 editt.
474 561 550 616 ante
570 550 692 630 lilarc.;
722 569 832 634 peona
852 549 974 632 Merc.;
1001 553 1127 638 pecora
1149 551 1257 634 Gerl.;

212 651 249 706 at
267 640 397 726 pecuda
422 637 606 703 Maenades
636 634 722 726 conj.
745 635 841 702 Both.
871 636 926 702 uel
954 646 991 704 at
1016 659 1125 724 pecua
1153 643 1257 706 maai·

212 727 293 803 bam·
326 725 489 803 manibus,
515 744 624 808 pecua
651 732 689 788 at
710 759 753 772 -
775 732 879 790 meeat
909 725 996 812 conj.
1029 725 1180 792 Grauert.
1199 735 1256 808 Ι),·

211 814 370 892 manibus,
391 833 499 898 pecua
519 819 556 875 at
573 847 613 858 -
636 818 743 875 meant
765 811 884 894 Bergk.
903 815 952 891 ²);
974 814 1044 877 sine
1062 813 1178 900 ferro,
1197 835 1254 898 pe·

212 924 276 968 cua
298 909 344 980 at,
366 898 511 964 manibus
531 904 609 964 aaut
628 896 767 962 Ducata.
779 941 790 976 ‚
813 896 960 962 manibus
981 921 1041 984 pro
1064 899 1111 964 ad
1135 899 1257 982 Manes

211 989 381 1072 accipiens
402 987 568 1072 verbaque
590 983 800 1062 admoram,
822 997 977 1068 tanquam
998 983 1176 1068 glossema,
1199 988 1257 1073 eji-

212 1076 313 1141 ciens.
356 1072 469 1138 Verba
492 1073 578 1134 enim
600 1069 744 1153 Lycurgi
773 1091 849 1136 esse
882 1083 955 1134 oum
981 1071 1142 1136 Grauerto
1165 1073 1255 1152 dicit,

210 1159 365 1228 Bacchas
388 1158 495 1224 occidi
512 1157 668 1244 jubentis.
710 1155 818 1222 Aliter
839 1155 899 1222 Th.
924 1156 1099 1240 Berginium
1120 1169 1265 1226 narrare

211 1246 353 1332 aliquem
374 1256 541 1321 statuens,
571 1263 609 1308 se
630 1242 773 1319 uidisse,
804 1253 839 1308 ut
860 1241 1015 1308 Bacchae
1036 1245 1186 1312 manibus
1207 1247 1268 1312 in-.

211 1335 355 1398 ermihus
376 1333 480 1396 hoves
511 1325 745 1413 discerpserint
759 1331 801 1411 ³).
847 1328 984 1394 Bothius
1006 1329 1146 1416 denique
1167 1333 1254 1418 prio·
1369 1389 1373 1402 ,

210 1439 280 1484 rem
302 1417 561 1484 emendationem
590 1434 683 1480 suam
703 1416 750 1479 ita
772 1413 934 1498 explicat,
967 1426 1003 1479 ut
1024 1415 1175 1502 Tharops
1198 1419 1255 1484 mi·

210 1515 339 1571 secutus
361 1501 495 1569 Baccho
524 1501 741 1589 praedixerit,
770 1501 951 1566 Maenades
981 1502 1121 1568 inermes
1150 1503 1256 1589 aLy-

210 1613 313 1676 carga
334 1588 539 1655 intersectum
562 1587 617 1666 iri;
647 1585 861 1672 posteriorem
893 1597 1010 1653 contra
1032 1591 1256 1676 conjecturam

209 1679 257 1744 ita
278 1687 405 1753 tuetur,
430 1683 467 1739 ut
480 1671 625 1738 “inermes
645 1671 800 1738 Bacchae
822 1673 868 1738 ad
888 1682 1019 1752 mortem
1041 1675 1118 1740 daci
1140 1677 1254 1740 dicaa-

210 1773 266 1829 tar
295 1761 442 1828 manibus
471 1761 615 1846 Lycarpi
644 1768 676 1824 et
707 1759 871 1824 Thracum
899 1761 1074 1825 amicitiam
1102 1763 1267 1827 simulata-⁴

210 1852 287 1915 tium
305 1854 350 1930 4).
394 1847 440 1914 At
468 1845 535 1911 noli
564 1845 711 1928 cogitare
747 1846 789 1909 de
818 1844 969 1911 simulata
997 1846 1141 1932 Lycurgi
1174 1869 1256 1932 erga

209 1934 362 2002 Bacchas
386 1933 541 2012 amicitia,
564 1953 647 2016 quae
669 1952 744 1996 cnm
764 1933 842 2020 fero
865 1932 936 2016 ejus
957 1935 1087 2018 impertio
1108 1945 1140 1998 et
1155 1937 1256 2000 animi

209 2025 284 2089 acti
305 2021 486 2086 acrimonia
500 2019 534 2104 5)
562 2017 750 2102 neutiquam
776 2019 930 2103 conjungi
959 2031 1078 2102 potest.
1124 2019 1268 2106 simpli·

210 2111 345 2177 cissima
366 2118 417 2172 cst
445 2101 543 2192 hujus
572 2123 689 2169 versus
721 2101 909 2187 explicatio.
953 2105 1037 2171 Sunt
1064 2106 1169 2173 verba
1189 2107 1267 2194 Lym

103 2231 107 2238 ·
210 2198 314 2280 cergi,
337 2193 510 2278 gaudentis
533 2191 575 2256 de
596 2189 840 2254 inconsiderata
859 2189 1064 2256 Baccharum
1086 2193 1256 2260 inermium

209 2286 242 2348 in
268 2279 427 2347 satellites
449 2299 529 2344 suos
551 2287 697 2342 armatos
719 2276 909 2340 irruentium
935 2281 1124 2344 temeritate.
1172 2280 1256 2346 Bac-

90 2415 93 2428 .
210 2363 295 2438 chae
317 2367 403 2432 euim
423 2386 489 2432 non
513 2364 623 2445 armis,
651 2363 710 2428 sed
731 2362 847 2448 thyrso
868 2373 991 2429 tantum
1014 2366 1088 2448 ipso
1111 2365 1184 2432 Deo
1201 2369 1256 2454 ju-

210 2458 308 2522 bente
329 2455 509 2518 instructae
532 2450 672 2532 sumti),
706 2469 772 2532 qua
802 2449 843 2514 de
865 2470 969 2516 causa
990 2449 1163 2536 Lycurgus
1186 2453 1254 2522 lae-

209 2542 373 2606 tabundus
395 2536 575 2606 exclamatt
599 2543 634 2599 ut
655 2555 780 2620 pecua,
804 2535 824 2600 i.
844 2555 871 2599 e.
896 2535 1051 2602 Bacchae
1068 2541 1123 2621 ⁷),
1152 2541 1254 2604 mani·

209 2631 272 2695 bus
295 2628 367 2692 sine
387 2623 495 2701 ferro,
515 2623 536 2686 i.
560 2642 589 2685 e.
610 2621 744 2685 inermis
767 2622 936 2701 manibus„
966 2624 1008 2688 ad
1029 2635 1166 2690 mortem
1187 2647 1253 2692 me·

209 2713 281 2780 ant!
329 2712 434 2778 Pecus
465 2709 551 2774 enim
581 2705 736 2772 stolidum
770 2705 969 2793 stultumque
1004 2707 1167 2776 hominem
1207 2715 1252 2778 di-

210 2812 287 2866 cunt
301 2801 353 2882 ⁸),
382 2815 489 2882 pecua
509 2795 682 2880 Lycurgus
702 2791 852 2858 Bacchas
859 2841 872 2873 ,
894 2793 1035 2860 stolidas
1058 2816 1099 2862 ex
1121 2819 1182 2863 suo
1200 2801 1252 2886 ju·

209 2888 296 2952 dicio
325 2885 478 2967 omnique
505 2882 632 2946 ratione
665 2877 856 2958 destitutas,
895 2902 980 2965 quae
1007 2882 1147 2948 inermes
1178 2909 1253 2952 cum

208 2972 345 3038 armatis
381 2967 560 3052 confligere
595 2967 747 3032 audeant
798 2966 866 3032 Sed
901 2965 1018 3033 fefellit
1054 2990 1127 3036 eum
1160 2994 1253 3056 speS,

92 3071 95 3076 '
209 3080 284 3125 cum
310 3055 486 3132 satellites,
522 3052 649 3118 Punico
676 3063 802 3118 terrore
823 3055 989 3140 correpti,
1010 3053 1091 3143 suga
1111 3055 1253 3128 salutem

208 3152 358 3232 peterent
375 3141 420 3230 ⁹).

705 3291 758 3358 23.

292 3441 412 3508 Festus
434 3443 508 3521 ¹⁰):
556 3433 739 3519 obstinato,
779 3391 970 3523 adfirmem,
1012 3433 1250 3528 perseueranti.

213 3529 362 3596 Naeuius
382 3529 418 3592 ia
441 3526 612 3612 Lycurpo:
1220 3527 1224 3538 '
1250 3533 1254 3546 ’

423 3685 431 3702 .
452 3643 508 3702 ads
530 3643 586 3720 qai
605 3643 720 3701 astatis
742 3641 892 3702 obseura·
910 3634 930 3701 .‘
952 3685 960 3702 .
986 3686 994 3703 .

207 3825 415 3844 ...mo-0·-

277 3941 307 4012 1)
326 3933 484 3993 maurum.
502 3932 562 3990 caud
572 3931 677 4006 philol.
695 3931 856 3992 Analelctea
872 3953 945 4010 pap.
960 3936 1021 3992 201.
1072 3939 1104 4011 2)
1126 3944 1158 3996 tn
1174 3940 1251 3999 Mau.

207 4025 302 4082 auen.
320 4022 365 4080 lll.
381 4040 450 4096 pap.
465 4022 508 4076 75.
550 4019 581 4092 3)
602 4020 641 4092 af.
659 4021 766 4094 Εανίρζ
781 4021 889 4080 Bacch.
908 4025 1031 4098 lihsqq·
1077 4030 1108 4094 4)
1126 4029 1166 4102 cf.
1182 4030 1254 4086 Dia-

208 4112 272 4167 dor.
296 4108 341 4164 ΙΙΙ.
359 4108 404 4164 65.
454 4108 484 4176 5)
516 4105 554 4178 cf.
579 4106 690 4180 frapm.
711 4107 752 4163 la.
804 4108 834 4182 t)
863 4112 903 4185 cs.
927 4113 1038 4188 frapm.
1059 4110 1103 4170 20·
1154 4116 1186 4185 7)
1213 4113 1254 4187 cf.

207 4196 317 4268 [rapm.
334 4194 360 4249 8.
411 4191 439 4261 8)
472 4193 562 4248 Cicer.
587 4192 719 4268 Philipp.
743 4193 814 4251 Vlll.
838 4197 865 4253 3.
882 4198 908 4255 a.
959 4200 989 4270 t)
1016 4199 1121 4274 Eurip.
1144 4201 1267 4259 Bacch..

207 4279 268 4334 734.
319 4277 366 4346 10)
381 4295 451 4364 pap.
471 4279 521 4334 lua
538 4277 643 4336 Maeli.
