2918 4952
555 310 834 423 -159-

167 529 297 615 Lydum
317 527 431 595 Livius
465 545 594 616 quoque
624 528 810 612 composuit
830 523 1104 609 Andronicus'1).'
1148 530 1216 596 Sed

169 614 308 681 meliora
337 637 391 682 me
419 615 549 681 edocuit
576 613 789 698 Munkiusr).
843 614 957 681 Ludos
985 616 1070 680 cuim
1099 618 1221 682 satiras

170 703 325 766 dicebant
352 700 537 767 fabularum
566 701 712 785 speciem
741 699 930 765 relerentes.
973 699 1142 789 Ejusmodi
1172 702 1220 768 lu·

170 789 246 852 dum
269 787 357 853 hanc
378 807 508 875 quoque
528 785 647 852 Naevii
668 784 814 851 fabulam
835 785 949 870 fuisse,
970 797 1037 852 tum
1059 788 1110 871 id,
1131 787 1220 874 quod

169 894 192 940 a
216 872 377 938 Cicerone
398 884 564 940 servatum
585 883 638 952 est
650 871 881 960 fragmentum,
903 883 970 938 tum
987 871 1107 940 Festus
1131 896 1220 940 com·

170 961 346 1046 probat³),
369 960 442 1044 qni,
466 959 616 1043 quamvis
645 959 784 1023 Ennium
806 958 935 1024 demum
964 957 1106 1024 Satiram
1128 961 1219 1026 inve·

169 1046 260 1110 nisse
278 1055 416 1124 constet,
436 1065 455 1110 e
478 1045 596 1110 Naevii
618 1043 728 1110 Sotira
746 1065 878 1109 versum
893 1044 999 1110 affert.
1030 1045 1124 1118 Quae
1146 1067 1221 1114 cum

170 1131 217 1196 ita
239 1132 315 1210 sint,
336 1152 400 1197 nee
420 1130 548 1196 Ludum
569 1150 631 1194 nec
653 1129 807 1208 Setinum,
829 1150 903 1208 nee,
926 1130 966 1194 de
988 1151 1054 1214 qua
1075 1152 1112 1195 re
1134 1131 1221 1200 inira

172 1229 301 1302 egetur,
323 1219 537 1282 Personatom
560 1214 745 1299 peculiares
767 1215 882 1280 Naevii
907 1216 1095 1281 comoedias
1116 1217 1221 1284 fuisse

171 1314 263 1388 puto,
285 1304 345 1368 sed
368 1302 477 1368 indum
499 1313 531 1366 et
559 1304 697 1366 satiram
725 1301 935 1366 dcnbendum
957 1321 1034 1366 esse
1057 1305 1219 1384 existimo,

171 1401 207 1454 ut
228 1391 342 1454 nescio
367 1390 419 1454 cui
439 1387 572 1454 fabulae
594 1397 730 1473 propter
750 1388 917 1453 satiricum
939 1387 1080 1454 indolem
1095 1389 1163 1455 ludi
1187 1399 1221 1455 et

172 1478 295 1541 satirae
316 1494 434 1540 nomen
463 1475 619 1538 inderent.
665 1473 702 1538 Si
732 1471 942 1558 conjecturae
963 1473 1076 1557 loeus,
1098 1475 1158 1541 fuit
1180 1497 1221 1542 ea

174 1563 315 1647 quidem,
338 1581 404 1646 qua
424 1581 581 1644 proceres
605 1559 747 1624 civitatis
768 1561 982 1643 perstrinxit..
1003 1560 1223 1628 Nihilominus

174 1659 282 1712 temen
305 1649 390 1712 inter
409 1645 540 1712 fabulas
562 1645 688 1709 Ludum
711 1657 743 1709 et
761 1645 903 1710 Setinum
934 1649 1105 1728 recensui,
1136 1651 1224 1734 quod

174 1735 428 1812 incertumst,
450 1753 528 1797 num
549 1731 751 1815 deperditum
772 1731 815 1795 sit
837 1733 1003 1816 proprium
1031 1733 1102 1822 ejus
1130 1735 1224 1800 fabu-

126 1895 128 1902 γ
176 1819 230 1885 lae
259 1840 397 1897 nomeu,
428 1839 526 1903 quem
549 1829 684 1902 propter
715 1818 883 1884 satiricum
911 1819 984 1904 ejus
1004 1819 1148 1887 indolem
1170 1819 1225 1886 vel

175 1907 311 1973 satiram
331 1904 387 1970 vel
407 1903 517 1970 ludum
540 1905 700 1970 dixerunt.

688 2025 717 2088 1.

263 2133 381 2202 Cicero
393 2139 445 2217 4);
467 2132 584 2220 quodsi
602 2135 708 2221 lepore
727 2141 788 2198 ant
805 2133 924 2200 andire
942 2135 1057 2199 voletis
1073 2143 1223 2218 ortana,

177 2225 337 2290 marinas
365 2241 420 2286 res
445 2221 599 2304 publicas
627 2220 669 2284 ab
693 2220 954 2288 adolescentibus
983 2219 1225 2310 labefactasse

179 2308 308 2375 senibus
330 2315 529 2372 sustentatas
549 2316 582 2371 et
602 2308 769 2370 restitutas
789 2311 972 2394 reperietis.

179 2421 261 2483 Cedo
282 2424 336 2500 pai
354 2426 491 2480 vesiram
510 2419 744 2495 rempublicam
759 2429 877 2482 taniam
894 2423 1046 2482 amisistis
1062 2424 1124 2484 irim
1140 2427 1228 2488 cito?

184 2525 243 2592 Sia
265 2528 347 2590 enim
366 2532 619 2610 percontantur,
641 2532 677 2588 ut
698 2532 746 2588 est
766 2527 802 2589 in
827 2525 952 2590 Naevii
971 2526 1072 2604 ludo,·
1092 2546 1227 2613 respon·

181 2614 301 2679 dentur·
322 2620 354 2676 et
375 2613 446 2676 alia
467 2621 499 2676 ei
518 2611 579 2674 boc
599 2611 778 2695 imprimis:

222 2813 228 2827 ·
307 2727 532 2804 proveniebant
554 2727 697 2788 ordiores
721 2729 800 2802 teoni,
824 2728 916 2788 siniti
936 2727 1170 2786 adolescentuli.

134 2957 136 2964 .
182 2811 264 2946 eddo
302 2877 375 2942 cod.
407 2875 491 2957 Euda
535 2879 746 2960 percontanti
784 2874 840 2940 vel
880 2877 1112 2961 paonitetanti
1142 2855 1231 2946 editt

182 2965 263 3032 silv.
287 2964 412 3030 Victor.
434 2961 583 3045 Magnol.
604 2961 728 3028 Monet.
749 2961 898 3027 Lambin.
920 2961 1006 3026 Petr.
1027 2959 1230 3029 Lallemand.

185 3055 309 3130 Goez.;
338 3056 578 3135 percontantur
599 3049 694 3114 codd.
720 3059 752 3112 et
776 3050 865 3115 editt.
888 3046 1022 3133 reliqq.;
1051 3051 1086 3113 t’n
1111 3050 1234 3120 Naeuii

184 3137 282 3208 Ludo
294 3138 382 3202 editt.
396 3131 526 3200 Vindel.
542 3133 689 3218 lllagnol.
705 3134 828 3200 Manui.
844 3133 993 3200 Lambin.
1009 3134 1095 3201 Petr.
1111 3139 1233 3212 Gracv.

186 3223 309 3292 Gernh.
327 3219 428 3286 Orell.
443 3221 572 3298 Klotn.;
594 3222 629 3285 in
647 3221 768 3286 Naeuii
779 3229 900 3304 poitae
916 3220 1013 3285 Ludo
1028 3221 1117 3286 editt.
1135 3224 1229 3309 Sylv.
1339 3221 1343 3230 ’

184 3309 313 3380 Victor.
334 3306 538 3373 Lallcmand.
560 3307 636 3372 nm.
658 3305 832 3383 Schuetz.;
854 3308 890 3370 in
915 3306 1036 3371 Naevii
1052 3315 1235 3390 posteriori

191 3399 244 3482 (e)
277 3395 361 3461 libro
391 3393 464 3458 cod.
495 3391 599 3456 Paris.
630 3403 663 3456 et
691 3390 813 3471 Basil.;
841 3393 876 3456 in
901 3389 1022 3457 Naevii
1046 3402 1234 3477 posteriore

189 3477 532 3557 inuocantium
558 3480 751 3561 proventuri
774 3477 846 3544 cod.
872 3476 965 3558 Por.;
992 3485 1236 3564 proveniebant

148 3595 152 3604 ·
190 3569 287 3634 codd.
319 3565 418 3651 eliqq.
441 3563 585 3643 Placet.;
611 3562 876 3648 provehebantur
904 3565 1024 3630 adres
1045 3573 1121 3634 rioci
1145 3575 1234 3641 editt.

187 3653 300 3720 Lumb.
316 3652 405 3717 Petr.
423 3649 562 3727 Gernh.;
587 3657 651 3714 iun
661 3651 904 3735 proveniebant
919 3651 1004 3739 conj.
1020 3651 1235 3744 Hermann.⁵)

186 3744 281 3820 noni,
304 3740 396 3804 stulti
418 3737 512 3801 codd.
535 3734 693 3821 plerique,
715 3735 805 3801 editt.
830 3734 967 3801 Vendel.
989 3737 1081 3820 Sylv.
1107 3741 1233 3811 Victor.

187 3825 336 3911 Magnol.
364 3824 491 3890 Manui.
521 3821 639 3888 Grues.
669 3822 799 3886 Ernest.
823 3820 978 3887 Schuetz.
1001 3823 1110 3896 Nobb.
1133 3830 1234 3900 Orell.

186 3911 312 3993 Klotz.;
332 3911 409 3976 nord
430 3917 463 3975 et
485 3905 578 3974 stulti
600 3905 696 3974 codd.
719 3907 824 3976 Paris.
846 3918 880 3975 et
900 3906 1024 3974 Erfurt.

186 4071 396 4088 m

257 4158 287 4227 1)
314 4155 354 4228 ef.
379 4139 525 4210 Mentem
548 4153 609 4210 Liv.
634 4153 762 4210 Andron.
784 4153 895 4228 frapm.
911 4169 984 4226 pap.
1002 4155 1045 4212 73.
1097 4157 1129 4224 2)
1149 4155 1185 4211 de
1202 4157 1235 4212 L.

188 4241 352 4314 Pomponio
370 4238 543 4294 Bononiensi
556 4257 627 4315 pap.
645 4245 686 4298 18.
739 4240 768 4308 3)
783 4256 853 4312 pap.
870 4241 920 4295 257
935 4236 1037 4294 Maeli.
1089 4241 1118 4308 4)
1137 4241 1237 4308 Catone.

187 4327 234 4384 Vl.
252 4333 295 4387 20.
348 4328 379 4398 5)
398 4329 429 4381 in
446 4333 503 4382 aei.
521 4323 597 4381 liter.
616 4324 697 4398 Lupo,
717 4329 793 4384 1819.
806 4339 879 4398 pap·
897 4325 957 4381 972
1236 4323 1243 4334 ‘
