2890 4948
541 381 792 455 ..91-

142 563 348 630 Dueutzems
368 562 427 644 ¹),
461 560 620 644 imprimis
657 557 866 624 Waiolrertus
887 560 938 641 ⁸).
1006 556 1060 622 Aa
1099 557 1186 623 idem

50 679 51 684 ¹
141 648 410 732 Erotopaegnion
432 666 563 712 carmen
585 647 723 731 pertinet
747 645 945 712 Protesilaus
967 642 1037 708 sive
1056 642 1184 710 Leoda-

142 735 210 800 mie
229 736 280 814 ³),
310 754 405 817 quem
440 744 561 798 temere
592 734 677 800 inter
696 733 884 798 Naevianus
911 729 1043 800 tabulae
1071 746 1185 796 reeen-

142 821 210 886 suit
232 817 367 884 Bothius
383 821 426 902 4).

310 969 540 1040 Andromache
561 970 632 1036 sive
655 969 780 1070 Hector
798 969 1022 1057 proficiscens.

230 1102 445 1172 Desideretur
464 1105 551 1172 haec
572 1106 688 1171 Naevii
710 1103 823 1171 fabula
849 1101 938 1186 apud
968 1125 1101 1183 omnes,
1133 1106 1188 1188 qui

141 1192 218 1280 ejus
258 1193 414 1278 reliquias
444 1190 656 1276 collegerunt.
714 1191 851 1256 Bothius
871 1193 903 1269 ⁵)
934 1189 1019 1253 mole
1051 1191 1093 1253 ed
1122 1189 1188 1255 No-

143 1280 235 1343 vium
264 1299 336 1342 eam
357 1277 484 1358 retulit,
512 1289 670 1368 sequente
688 1277 827 1347 ltlunkio
842 1277 894 1358 6),
916 1286 1118 1360 repugnante
1139 1287 1188 1342 te·

142 1383 221 1429 men
242 1363 419 1430 Welckero
434 1367 479 1450 1).

657 1498 725 1565 1.·

233 1618 372 1684 Servius
384 1621 438 1700 8)ε
467 1615 587 1703 fiscina
612 1637 716 1704 penus
746 1623 795 1680 est
821 1615 910 1680 uasis
940 1615 961 1680 i.
984 1635 1012 1677 e.
1036 1611 1191 1680 corbulae

145 1702 278 1784 droun,
301 1725 385 1791 quus
404 1706 583 1792 perferunt
609 1706 666 1790 pei
693 1701 829 1770 moesto
849 1700 1053 1778 deducant
1102 1699 1190 1767 Nae

145 1793 221 1856 vius
240 1794 288 1856 in.
299 1790 546 1858 Andromache:

252 1918 335 1994 qued
353 1917 402 1989 tri,
423 1919 468 1976 mi
483 1921 591 1996 gnate,
620 1916 737 1993 quaeso
756 1920 792 1973 ut
814 1913 978 1990 inpectis
1000 1917 1087 1972 tuum

253 2003 414 2076 demittas,
436 2009 586 2088 tanquam
605 2002 810 2062 vindemiator
830 2001 863 2058 in
882 1995 1039 2074 fiscinam.

148 2096 295 2196 Versum
308 2113 444 2186 alterum
466 2117 584 2204 injuria
606 2117 762 2198 ἄμετρον
776 2114 888 2180 dicunt
902 2110 1039 2176 Botlrius
1052 2113 1083 2195 ⁹)
1098 2110 1193 2177 Μυη-

149 2197 292 2288 leinsque
312 2208 379 2283 1⁰),
401 2223 539 2288 euinque
559 2201 681 2270 frustra
704 2199 959 2272 itamutaudum
982 2209 1137 2264 censent:

256 2325 409 2399 demittas,
429 2329 576 2403 tanquam
596 2305 628 2384 in
650 2326 789 2388 fiscinam
808 2324 999 2384 vindemitor.

151 2419 231 2504 Van
251 2419 337 2502 enirn
358 2437 573 2506 vindemiator
594 2413 733 2530 ‹puntuor
754 2436 955 2522 syllabarum
976 2442 1102 2516 estu).
1180 2432 1183 2441 ’

172 2607 175 2614 .
238 2554 325 2620 Nihil
347 2567 399 2620 est
420 2557 505 2640 apud
522 2556 723 2642 Euripidem,
746 2555 832 2642 quod
855 2556 1195 2640 expressemeGrae·

153 2661 196 2707 ea
219 2642 291 2727 ejus
310 2640 423 2708 fabula
441 2641 529 2708 haue
546 2642 750 2712 Naeuianum
772 2661 848 2710 esse
869 2640 1078 2706 demonstret.
1112 2643 1197 2708 Nam

152 2727 255 2794 verba
276 2727 347 2812 η);
425 2787 429 2799 .

360 2825 480 2897 μέμνησο
496 2825 601 2904 μητρὸς
618 2825 666 2886 οἷα
683 2825 757 2886 cred
775 2823 942 2895 ἀπωλόμην,

361 2913 408 2968 καὶ
425 2914 510 2982 πατρὶ
522 2915 566 2986 ’τῷ
585 2916 622 2987 σῷ
641 2912 688 2970 deul
706 2905 867 2984 φιλημάτων
885 2908 938 2966 tou'v
1022 2958 1027 2968 .

362 2994 470 3065 δάκρυά
487 3015 515 3052 ce
533 2999 632 3070 λείβων
646 3001 695 3059 cet
712 2997 904 3074 περιπτύσσων
921 2995 1004 3070 χέρας

358 3077 412 3152 λέγ’
430 3077 469 3136 ot’
486 3079 601 3154 ἔπραξα,
999 3097 1002 3102 ’

154 3207 237 3275 quae
253 3207 326 3251 cum
343 3187 495 3251 versibus
509 3185 688 3254 Naevianis
699 3188 904 3272 comparavit
913 3185 1117 3253 Dueutzerus
1130 3194 1197 3269 ὓ),

156 3277 241 3340 arten
265 3271 435 3336 dissimilia
457 3283 545 3351 sunt,
567 3284 602 3338 ut
624 3276 655 3339 in
678 3274 731 3338 his
754 3275 933 3358 tragicum,
954 3274 987 3337 in
1009 3273 1075 3338 illis
1100 3278 1199 3339 corni-

155 3380 230 3424 cum
264 3357 335 3424 fere
356 3355 502 3421 colorem
523 3377 688 3439 agnoscas
703 3363 766 3446 14).
810 3359 1057 3446 Astydumentis
1088 3363 1199 3444 potius

154 3447 329 3514 Hectorem
352 3443 515 3526 expressit
536 3443 700 3525 Naevius,
732 3449 863 3515 sivero
885 3456 980 3524 sunt,
1011 3465 1095 3532 quea
1115 3447 1201 3514 iutra

155 3532 403 3618 disputabimus

165 3677 366 3692 0*

228 3745 255 3818 1)
272 3749 333 3804 Ltu.
359 3745 486 3804 Andron.
511 3745 621 3819 frepus
642 3763 717 3821 pap.
741 3747 785 3804 68.
836 3749 867 3817 i)
891 3749 910 3806 t·
935 3750 954 3804 t.
973 3767 1047 3822 pop.
1070 3753 1106 3808 54
1121 3771 1202 3826 ιη.)

157 3835 197 3906 es.
225 3833 374 3890 Hermann
393 3833 526 3906 praefat.
552 3831 592 3888 ud
610 3832 714 3906 Enrip.
734 3832 836 3887 Alcest.
856 3850 929 3908 pap.
947 3830 1059 3900 XVlll3·
1076 3836 1203 3898 Welcloer

157 3921 205 3976 die
226 3917 425 3974 Grieclu'sclten
445 3917 621 3992 Tropoedteu
636 3935 707 3990 pap.
726 3915 801 3972 1371.
850 3919 879 3984 3)
901 3915 1042 3975 tt'ercterc
1058 3920 1079 3976 1.
1096 3921 1115 3975 l.
1131 3941 1201 3999 pap.

157 4007 189 4060 41
216 4011 246 4060 et
269 4004 394 4061 76-80.
446 4007 476 4075 4)
498 4005 607 4079 fropm.
633 4010 709 4077 trop.
731 4021 803 4079 pap.
827 4004 871 4062 91.
921 4006 950 4072 5)
973 4001 1083 4077 srapm.
1102 4013 1201 4062 conuic-

154 4109 226 4168 pap·
252 4089 296 4145 41.
347 4089 377 4160 6)
402 4090 438 4145 de
462 4090 555 4162 fahed.
581 4087 667 4145 Atell.
687 4106 761 4164 pop.
788 4087 843 4144 166.
898 4089 926 4162 7)
944 4089 964 4142 1.
988 4088 1008 4144 t.
1026 4107 1099 4164 pop.
1128 4093 1202 4150 1370.

158 4177 189 4248 8)
210 4175 250 4230 od
280 4168 376 4248 Viepu.
404 4173 506 4246 Georp.
533 4171 553 4230 l.
578 4173 638 4230 266.
690 4175 719 4243 9)
738 4176 757 4230 l.
784 4177 804 4233 l.
857 4176 902 4248 10)
921 4174 941 4229 l.
961 4177 981 4230 1.
1035 4179 1078 4247 11)
1097 4177 1201 4250 Horat.

161 4259 253 4316 Satin.
271 4259 291 4313 1.
310 4261 336 4314 7.
353 4259 396 4314 30.
450 4261 496 4332 li)
513 4278 538 4314 u.
560 4261 612 4316 415
629 4277 687 4332 sqq.
707 4260 780 4331 Ddf.
834 4260 878 4328 13)
902 4264 935 4315 tn
959 4259 1130 4334 zeitschrift
1151 4265 1205 4336 fiir

162 4343 282 4403 Altertlr.
303 4345 375 4400 18³5.
389 4362 459 4418 pop.
478 4347 521 4399 41.
576 4347 621 4416 14)
640 4346 679 4417 cf.
702 4343 878 4404 Welokerum
894 4346 913 4400 l.
932 4345 952 4400 1.
967 4363 1037 4420 pap.
1061 4349 1135 4405 1370.
