2864 4944
526 364 768 438 ...9.-

126 545 257 698 ¹³2&
279 541 387 612 nnat
407 541 585 612 acutiam
613 541 805 612 manuum
827 543 861 610 n
883 559 923 612 ιο
944 489 1102 612 amram
1123 545 1170 612 m

126 652 145 698 e
232 649 275 714 a..
1160 677 1163 684 .

253 758 316 805 nos
337 736 443 804 sumu'
463 737 617 817 Romani,
636 739 692 824 qui
712 734 855 804 invimus
876 747 955 804 ante
974 735 1109 804 Rudini.

124 847 241 934 Neque
263 869 282 914 a
302 847 391 914 mille
412 860 642 914 sexcentorum
670 846 801 914 illorum
823 847 966 934 equitnm
988 845 1170 934 Campano-

125 957 197 1000 rum
219 955 355 1000 numcro
384 933 462 1014 fuit,
495 935 550 1020 qui
579 933 710 1000 civitate
735 933 884 1001 Romana
909 935 1169 1036 angebantur2).

125 1021 231 1086 Erant
260 1020 346 1086 enim
373 1021 505 1086 Romae
539 1030 638 1105 porta
668 1019 726 1084 illa
756 1029 789 1084 et
816 1039 952 1086 nemora
981 1018 1108 1083 Naevia
1137 1039 1171 1083 nr

125 1104 303 1184 Aventino,
326 1125 410 1193 quae
431 1106 673 1170 inconsiderate
695 1104 841 1170 Blumius
854 1105 886 1185 ³)
908 1113 941 1169 et
962 1103 1123 1169 Krausius
1136 1107 1169 1184 ⁴)

125 1211 146 1255 a
168 1201 268 1276 poeta
289 1211 407 1254 nomen
429 1191 570 1256 traxisse
592 1191 751 1255 dixerunt.
795 1190 955 1266 Quamvis
977 1191 1063 1254 errim
1083 1210 1105 1254 a
1131 1189 1173 1253 ud

126 1275 310 1342 Varronem
322 1279 353 1356 ⁶)
375 1273 523 1359 legatur:
553 1278 700 1361 requitur
717 1283 822 1360 porta
847 1275 999 1354 Naeuia,
1028 1211 1128 1360 qttodp
1136 1275 1172 1338 ia

113 1361 309 1448 'aemmibas
342 1361 513 1447 (Naecius
552 1363 637 1426 enim
671 1365 762 1443 loco,
794 1359 851 1424 ubi
886 1361 954 1441 eo)
988 1361 1036 1424 sic
1069 1360 1171 1440 dicta,

126 1467 211 1533 quae
240 1449 344 1512 verba
372 1447 445 1512 sinc
478 1445 576 1512 dubio
609 1456 764 1530 corrupta
794 1445 841 1511 ita
873 1465 948 1510 cum
979 1444 1171 1530 Spengeiio,

125 1533 359 1619 praeeuntibus
380 1531 472 1598 libris
501 1533 752 1616 manuscriptis,
781 1530 984 1597 restituenda
1010 1531 1169 1596 arbitror:

125 1619 273 1704 sequitur
298 1626 403 1703 porta
436 1617 587 1697 Naevia,
626 1617 714 1706 qaod
745 1617 781 1682 ia
816 1615 1000 1682 nemoribus
1034 1615 1172 1682 Naeuiis

125 1705 196 1786 (sc.
227 1705 302 1790 est)
331 1740 374 1752 -
407 1703 529 1770 Naevii
550 1705 634 1770 euim
655 1707 748 1782 loca,
769 1701 826 1768 ubi
855 1723 896 1767 ea
917 1738 960 1752 -
981 1702 1029 1765 sic
1060 1702 1171 1767 dicta:

125 1787 250 1854 Paulus
278 1800 388 1856 tamen
414 1791 584 1856 Diaconus
599 1792 632 1877 ⁶)
661 1791 695 1856 in
726 1788 786 1868 iis,
819 1805 907 1873 quae
929 1807 957 1852 e
985 1786 1085 1852 Festo
1115 1806 1171 1851 ex-

125 1875 267 1959 cerpsit,
299 1876 340 1939 de
370 1875 498 1941 Naevia
528 1874 615 1941 silva
636 1875 682 1940 ita
713 1873 885 1939 disseruit:
926 1871 1058 1938 Naeuia
1086 1875 1172 1938 ulcu

124 1959 217 2026 dicta
229 1958 334 2048 juata
355 1959 483 2040 urbem,
506 1961 594 2047 quod
619 1961 728 2025 Naeui
751 1957 922 2108 capusdom
942 1959 1059 2046 suerit,
1087 1979 1173 2044 quae

125 2046 201 2130 quin
224 2056 315 2110 recte
333 2057 491 2130 excerpta
509 2047 591 2124 sint,
613 2045 723 2111 nullus
746 2045 789 2108 du
811 2045 866 2108 ito.
905 2043 1064 2117 Quamvis
1087 2045 1173 2109 eninr

123 2131 229 2214 ipsius
251 2129 341 2196 Festi
362 2133 466 2196 verba
486 2132 521 2197 in
539 2132 659 2199 codice
679 2131 882 2196 Famesiano
904 2128 1080 2195 admodum
1103 2150 1170 2194 mu·

124 2214 184 2280 tila
205 2217 287 2294 sint,
318 2219 403 2282 bene
424 2227 531 2283 tamen
560 2228 694 2284 servata
713 2224 876 2300 apparent
895 2213 999 2279 haee:
1095 2221 1171 2294 tam,

126 2302 215 2386 quod
251 2303 360 2368 Naeui
391 2323 433 2368 ca
523 2304 545 2370 i.
580 2323 609 2372 e.
639 2303 711 2368 sine
751 2301 849 2366 dubio
879 2299 1058 2387 cuiusdam.
1115 2301 1172 2366 At-

126 2387 182 2471 qui
203 2387 232 2452 si
255 2387 454 2455 celebratum
482 2389 573 2455 illum
601 2401 733 2474 poetam
754 2385 915 2452 Naevium
944 2385 1083 2450 dixisset
1110 2385 1171 2450 Fe·

126 2483 217 2551 stus,
239 2494 305 2539 non
326 2494 506 2559 pronomen
527 2475 623 2554 illud,
653 2472 741 2562 quod
762 2473 909 2555 ignotum
930 2469 1092 2556 quendam
1113 2469 1172 2537 ho·

125 2557 244 2622 minem
275 2560 418 2638 indicat,
441 2561 630 2627 addidisset
673 2560 727 2625 Ab
748 2557 812 2624 isto
843 2569 952 2624 antem
982 2558 1096 2640 ignoto
1120 2578 1173 2623 ee·

126 2652 230 2710 terum
250 2644 379 2710 Naevio
402 2665 521 2712 nomen
551 2667 610 2712 cur
631 2664 768 2712 nemora
789 2642 849 2708 illa
872 2643 1086 2726 acceperint,
1108 2664 1173 2708 me·

125 2729 248 2793 moriae
270 2731 432 2813 proditum
455 2750 521 2795 non
553 2742 614 2796 est.
656 2728 847 2796 Absurdum
868 2737 975 2791 autem
997 2748 1062 2790 non
1086 2727 1173 2792 vide·

126 2821 197 2888 tur,
227 2814 256 2876 si
279 2815 352 2897 quis
374 2833 448 2877 eum
470 2834 510 2878 eo
539 2813 573 2878 in
594 2813 691 2892 loco,
719 2813 777 2876 ubi
804 2819 903 2875 antea
931 2808 1042 2875 nullae
1065 2823 1174 2895 xerant,

125 2898 264 2962 arbores
286 2898 415 2962 sevisse
437 2899 543 2980 dicat,
568 2899 707 2988 quaein
731 2895 851 2962 silvam
879 2906 1110 2962 excrescentes
1132 2917 1175 2962 ex

126 3001 187 3060 eo,
218 2983 272 3069 qui
301 2984 427 3048 semina
458 2995 632 3074 posuerat,
668 3003 788 3050 nomen
817 2982 1016 3066 acceperint.
1059 2982 1174 3049 Facile

125 3079 236 3136 autem
272 3069 473 3151 credideriS,
510 3069 599 3136 hunc
632 3070 804 3136 arboribus
837 3064 987 3134 colendis
1019 3087 1174 3152 magnam

127 3153 258 3220 dedisse
289 3176 445 3240 operam;
476 3177 552 3222 nam
585 3166 717 3241 praeter
747 3153 866 3220 silvam
898 3151 1057 3229 Naeviam
1087 3154 1173 3240 Nae·

125 3241 258 3304 vianum
281 3241 379 3306 etiam
400 3242 506 3325 pirum
528 3241 735 3323 laudatum),
757 3239 842 3325 quod
864 3259 885 3302 a
898 3237 1035 3302 Naeviis
1055 3260 1174 3304 nomen

126 3322 213 3390 haud
239 3325 335 3391 dubie
357 3328 498 3410 accepit,
519 3339 555 3392 ut
575 3326 761 3392 Lollianum
778 3344 801 3388 a
818 3321 948 3400 Lentis,
962 3321 1176 3394 Valerianum

127 3430 149 3474 a
163 3409 317 3477 Valeriis.
353 3411 506 3498 Plebejus
528 3423 638 3478 autern
657 3410 714 3475 hic
734 3408 832 3476 etiam
851 3406 949 3476 homo
966 3406 1037 3490 fuit,
1054 3410 1176 3494 quippe

127 3495 160 3560 in
182 3495 347 3563 Aventino
368 3495 541 3576 babitans,
572 3497 626 3583 qui
654 3515 768 3573 mons,
796 3493 830 3558 in
876 3514 920 3558 uo
941 3495 1176 3583 antiquissimis

122 3581 194 3672 jam
209 3580 410 3668 temporibus
420 3583 496 3650 inde
511 3583 555 3650 ab
563 3583 659 3651 Anco
666 3581 793 3650 Marcio
805 3516 900 3670 pleds
908 3578 1115 3649 habitaverat
1128 3585 1174 3667 ⁸),

129 3765 339 3783 m

196 3877 223 3946 l)
248 3875 345 3934 xvnt.
373 3880 412 3935 tt.
437 3879 482 3935 cd.
509 3875 672 3952 Spaapenb.
731 3874 760 3942 ἓ)
786 3869 975 3946 Hopseruacit
1004 3873 1023 3928 t.
1055 3873 1074 3930 l.
1104 3893 1174 3951 pap.

126 3957 176 4025 6³3
213 3959 383 4038 Gocttlinp’r
418 3963 584 4021 Gesclu'cbtc
614 3963 668 4018 der
692 3956 868 4020 Rdmircbca
902 3953 1175 4036 Staatruerfaasunp

122 4062 195 4120 pap.
210 4045 271 4102 tut.
323 4045 352 4116 ³)
372 4049 391 4105 l.
407 4049 426 4104 l.
438 4066 510 4126 pap.
527 4049 571 4104 32.
622 4051 653 4120 Δ)
672 4048 690 4102 l.
701 4046 721 4102 i.
731 4061 803 4119 pap·
814 4044 871 4102 120.
924 4045 953 4114 b)
972 4045 1008 4100 de
1021 4046 1090 4120 ltap.
1105 4047 1173 4108 Lat.

126 4147 195 4204 pap.
221 4129 278 4185 tna
301 4130 346 4186 ed.
369 4129 503 4206 Spaapel.
555 4132 584 4200 b)
598 4130 734 4207 poploe.
751 4131 796 4187 cd.
812 4129 946 4186 Mueller.
994 4129 1174 4202 7)Macrob.

131 4211 251 4272 Satura.
265 4213 284 4270 Ι.
301 4213 430 4296 pandit
446 4217 491 4274 cd
503 4215 620 4293 Btpoat.
671 4215 701 4286 8)
719 4213 820 4276 Hand.
837 4215 871 4273 δῦ
880 4231 890 4288 5
909 4213 998 4274 aar.
1007 4215 1043 4273 de
1051 4215 1173 4292 Rapuit.
