2918 4952
658 343 832 444 ..q-205
885 403 934 424 .-

272 553 400 622 videtur
421 559 453 620 et
467 551 869 640 ridiculusnonnnnqnam
885 547 1050 638 Gellio1).
1087 551 1313 642 Neam‘igitua

268 650 308 706 ut
329 660 404 706 oum
425 639 596 708 Macrobio
613 641 645 725 2)
665 639 803 726 loquar,
833 661 874 705 cc
896 639 957 704 boc
977 641 1058 706 viles
1076 648 1173 722 putet
1192 650 1313 708 oetaeo

268 732 406 812 potitos,
427 728 515 811 quod
532 747 647 792 norma
668 747 780 799 eorum
800 725 912 792 scebet
932 724 1026 790 aubis
1048 727 1208 792 addentur.
1254 727 1313 794 llle

163 812 167 818 ’
270 813 356 879 actm
376 813 472 878 stilus
499 813 661 880 Naeviani
692 813 856 894 (Macrob.
880 810 1045 893 Enniani)
1077 816 1202 880 saeculi
1223 817 1313 880 auri-

262 896 333 963 duc
360 902 451 964 soluts
477 899 634 983 placebat
658 907 693 970 at
719 899 779 967 eta
807 898 973 980 laboravit
1000 907 1246 984 occaecata,
1277 903 1313 966 ut

269 986 372 1070 alapis
402 985 478 1050 tac
512 988 654 1051 molliori
681 984 756 1050 stilo
784 988 1057 1071 acquiesceretur.
1101 982 1202 1070 Igitur
1223 987 1256 1050 in
1279 987 1312 1054 id

269 1079 396 1136 tantum
417 1072 643 1158 inquirendum
672 1083 741 1153 est,
770 1071 855 1161 sitae
883 1070 1078 1156 aequalibus
1110 1075 1180 1154 suis
1201 1070 1312 1138 rudior

267 1155 415 1223 Naevius
436 1178 499 1223 nec
520 1178 571 1224 ne.
616 1156 782 1226 Atmulto
813 1159 853 1226 iis
882 1157 917 1223 in
945 1159 1028 1242 ipsis
1049 1159 1200 1232 versibus
1229 1157 1311 1243 poli-

260 1243 334 1308 -tior
355 1254 426 1322 est,
447 1255 586 1329 excepto
609 1243 746 1322 Plauto,
780 1245 835 1329 qui
856 1254 965 1310 tamen
987 1243 1147 1320 Naevium
1168 1266 1234 1311 non
1256 1265 1311 1310 su-

260 1339 373 1414 perat.
416 1328 692 1398 Luculentissima
713 1330 812 1416 hujus
829 1331 878 1393 rei
893 1329 1088 1396 documenta
1105 1342 1164 1398 eut
1179 1349 1220 1396 aa
1236 1338 1311 1411 sunt

259 1416 432 1494 carmina,
461 1437 547 1501 qnae
567 1428 644 1484 ante
673 1417 835 1482 Naevium
856 1415 1016 1482 Romanis
1044 1427 1242 1496 erana-‚aut
1258 1417 1310 1482 Li·-

260 1501 324 1566 -vii¹
342 1497 514 1586 Odyssea,
554 1523 653 1588 quam
682 1504 812 1588 quidem
841 1504 985 1568 carmine
1014 1501 1186 1568 Naeviano
1206 1503 1309 1587 epioe
1332 1547 1336 1554 -

260 1585 501 1670 :elegantiorem
523 1587 603 1654 dioit
618 1587 678 1654 Th.
697 1588 818 1672 Bergk.
834 1593 876 1668 ἒ).
919 1589 976 1670 At,
996 1609 1038 1652 ne
1060 1609 1166 1654 meum
1189 1589 1230 1652 de
1244 1589 1310 1656 hac

265 1693 304 1738 re
326 1673 593 1759 judicium-huie
622 1675 693 1740 viro
724 1695 908 1758 opponam,
939 1694 980 1739 ea
1007 1685 1131 1742 muitum
1161 1675 1309 1754 afferam,

267 1777 353 1843 quae
374 1761 416 1825 de
437 1759 520 1824 Livii
543 1770 576 1825 et
596 1753 713 1826 Naevii
734 1781 907 1839 sermone,
938 1761 1116 1843 praecipue
1138 1761 1179 1824 de
1199 1761 1309 1846 ¹Odys·-

267 1864 327 1915 sea
356 1855 389 1910 et
413 1846 557 1912 carmine
587 1847 627 1911 de
657 1845 744 1914 bello
767 1846 890 1914 Punico
923 1845 1066 1929 professi
1095 1857 1182 1926 sunt,
1199 1845 1308 1913 Varro

264 1941 300 1996 et
322 1929 459 2010 Cicero,
488 1933 675 2016 gravissimi
697 1943 786 1999 certe
807 1944 840 1996 et
860 1931 1109 1998 luculentissimi
1129 1931 1196 1998 hac
1217 1933 1249 1996 in
1271 1952 1309 1998 ra

254 2016 404 2119 judices.
447 2019 549 2102 Igitur
567 2019 623 2088 ille
644 2019 772 2084 Livium
792 2038 815 2085 a
835 2019 907 2088 suis
928 2029 1006 2102 post
1026 2036 1132 2084 amms
1152 2017 1227 2082 XV.
1249 2019 1308 2084 vix

252 2101 466 2172 :intellectum
493 2125 570 2172 esse
591 2105 734 2173 affirmat
750 2105 801 2190 4);
829 2103 888 2170 hio
913 2123 992 2190 vero
1013 2104 1097 2170 Livii
1120 2104 1308 2190 Odysseam

252 2209 341 2257 -cum
362 2188 550 2270 Daedaleo,
579 2192 697 2258 Naevii
725 2189 846 2256 bellum
868 2191 1025 2256 Punicum
1047 2211 1121 2257 oum
1143 2191 1307 2274 Myroneo

196 2312 198 2316 ·
252 2295 367 2359 -opore
389 2289 560 2360 comparat
574 2279 617 2359 ⁵).
661 2277 762 2362 Atqui
784 2283 935 2360 potitam,
957 2277 1012 2360 qui
1033 2277 1226 2360 elegantiori
1246 2278 1308 2342 uti·

251 2371 489 2430 ;tur.sermone
511 2375 543 2430 et
564 2363 724 2441 dictione,
756 2363 898 2428 numeris
927 2364 1026 2428 etiam
1054 2362 1308 2446 perfectioribus

144 2520 149 2538 ¹
194 2469 197 2474 ¹
263 2448 312 2512 uti
339 2460 597 2517 consentaneum
614 2461 687 2517 est.
732 2447 798 2514 Sed
827 2450 939 2514 rudior
958 2447 1018 2515 luit
1040 2448 1213 2518 Saturnius
1234 2469 1311 2538 ver,

263 2553 322 2598 sus
342 2545 420 2600 ante
439 2535 601 2602 Naevium
623 2557 681 2619 eo,
714 2555 778 2618 quo
800 2538 872 2620 ipse
893 2535 1008 2617 utitor,
1031 2533 1305 2620 quemadmodum

262 2630 402 2686 testatur
420 2620 600 2692 Diomedes
615 2626 669 2703 ⁶):
702 2622 912 2698 Sator-atam,
941 2621 1061 2705 inquit,
1089 2623 1125 2685 ia
1152 2621 1307 2686 bonorem

249 2705 329 2770 -Dai
354 2707 502 2775 Naeuam
523 2711 664 2789 taneatt,
693 2725 778 2794 quae
807 2710 910 2772 verba
940 2728 1005 2771 non
1026 2708 1073 2772 ita
1093 2706 1307 2792 intelligenda

248 2813 338 2858 ,esso
360 2805 459 2876 patet,
480 2805 516 2859 ut
530 2795 676 2863 Naevius
697 2795 787 2860 huno
807 2814 949 2871 versum,
970 2803 1070 2886 antea
1090 2793 1306 2877 incognitum,

248 2879 386 2962 primus
409 2879 604 2960 adhibuerit,
634 2903 708 2948 cum
730 2893 762 2946 et
783 2881 886 2948 Fanni
910 2890 944 2945 ct
963 2890 1056 2944 vates
1077 2890 1110 2946 et
1130 2877 1241 2946 Salios
1262 2901 1306 2945 eo

246 2985 341 3028 ‘usos
372 2963 477 3032 luisse
509 2979 638 3036 constet
669 2980 702 3034 et
732 2967 847 3042 Livius
876 2965 1062 3052 Odysseam
1095 2986 1190 3030 snam
1225 2972 1306 3032 aute

258 3047 419 3118 Naevium
446 3049 513 3116 hoo
540 3064 643 3120 metro
671 3053 934 3138 conscripserit„
958 3051 1044 3134 Sed,
1073 3063 1108 3116 nt
1128 3051 1306 3139 Romanae

245 3135 381 3202 tsatirae
402 3149 519 3203 auctor
539 3139 684 3220 Ennius,
705 3141 853 3204 inventor
873 3131 1019 3204 Lucilius
1042 3137 1226 3220 dicitu1·⁷),
1256 3137 1305 3204 ita

244 3220 356 3289 ‚etiam
379 3223 523 3290 Naevius
544 3247 616 3292 euni
639 3245 770 3293 versum
792 3225 958 3289 invenisse
978 3222 1104 3304 sertim,
1127 3245 1222 3308 quem
1243 3226 1303 3288 im-

246 3308 372 3392 primis
394 3310 536 3380 excoluit
556 3325 589 3379 et
609 3313 869 3381 accuratioribus
900 3310 1158 3394 certioribusque
1180 3309 1304 3376 finibus

244 3394 516 3481 circumscripsit
527 3398 571 3483 ⁸).
614 3399 724 3484 Atque
745 3419 782 3462 re
799 3418 878 3462 vera
894 3396 1037 3463 Saturnii
1053 3397 1213 3462 Naeviani
1234 3417 1305 3462 non

242 3479 305 3553 sita
326 3483 411 3552 varii
433 3494 466 3548 et
485 3484 602 3550 incerti
624 3496 711 3563 sunt,
733 3505 830 3568 quem
850 3483 890 3560 ii,
913 3484 968 3567 qui
990 3503 1009 3548 e
1032 3485 1176 3570 carmine
1197 3475 1304 3548 anuali

240 3564 409 3649 ¹velaliis
428 3570 626 3640 carminibus
642 3581 835 3654 supersunt3
852 3565 1153 3654 quamquamillud
1175 3580 1304 3656 tempo*

243 3667 329 3722 ,rum
358 3653 499 3726 decursu
523 3657 631 3744 magis
659 3657 834 3742 magisque
863 3654 1041 3740 expolitum
1064 3675 1139 3722 esse
1161 3655 1301 3724 videtur.

256 3831 466 3853 ndum—au...-

323 3950 352 4016 1)
373 3949 434 4003 Xll.
448 3954 473 4007 2·
491 3953 517 4010 3.
568 3951 599 4025 2)
623 3950 742 4008 satum
751 3946 798 4008 Vl.
816 3959 842 4012 3.
858 3971 927 4028 pap.
942 3950 993 4011 173
1010 3945 1055 4006 ed.
1073 3941 1145 4024 Rip,
1195 3953 1225 4024 8)
1245 3950 1265 4006 l.
1284 3949 1307 4006 l.

240 4035 286 4101 ,4)
304 4035 341 4090 de
359 4036 428 4106 lina.
446 4036 512 4092 Lat.
527 4056 597 4112 pap.
614 4043 664 4096 283
680 4037 785 4112 Spenp.
836 4040 866 4110 5)
884 4038 969 4094 Brut.
984 4036 1080 4092 XVlll.
1099 4043 1141 4093 70.
1193 4038 1223 4106 6)
1228 4053 1305 4108 pap.

238 4122 307 4178 '495
324 4117 418 4191 Getes.
470 4125 499 4192 7)
526 4123 630 4180 llor'ut.
653 4107 745 4180 asaal.
760 4125 780 4180 1‹
802 4132 842 4182 10.
859 4129 894 4182 47
910 4125 978 4196 tbtq·
997 4118 1149 4190 Heindorf.
1202 4123 1233 4192 8)
1259 4120 1303 4191 ct.

235 4199 242 4207 ’
261 4203 495 4280 Wetclrertpoct.
513 4207 581 4266 Lat.
599 4209 651 4268 rel.
669 4225 742 4286 pap.
759 4215 810 4272 279
831 4217 888 4266 not.
904 4215 938 4280 73
965 4208 1058 4266 Munlc
1075 4207 1119 4262 tle
1134 4203 1197 4274 fab.
1214 4204 1306 4262 Atell·

235 4295 323 4364 ,pa-q..
342 4297 400 4352 102·
563 4293 565 4298 Ι
