2918 4952
556 371 832 450 ,-181-

171 556 237 630 oet,
259 547 313 612 ubi
336 545 435 630 vulgo
460 545 594 632 iegitur:¹
621 549 769 614 Naeuius
790 552 824 612 in
845 548 979 634 Virgine
993 557 1212 634 praegnante;

169 653 385 716 quamquam,
418 643 501 698 teste
522 633 657 698 Krehlio
677 637 729 720 ¹),
760 635 873 719 optimi
908 635 1027 719 quique
1049 632 1124 697 libri
1145 653 1211 696 ma-

168 719 326 802 nuscripti
339 718 490 797 Novium,
510 741 575 784 non
590 721 749 791 Naevium
763 733 930 791 auctorem
949 721 1067 790 dicunt.
1091 717 1210 782 nuent·

168 823 265 876 ¹zerus
286 815 397 868 autem
414 806 456 868 ad
479 805 610 878 Festum
630 813 661 887 2)
685 819 866 891 provocat,
890 804 991 886 male3
1014 806 1100 888 apud
1123 803 1210 868 hunc

168 888 254 958 enim
286 889 371 954 haec
392 889 561 972 leguntur;
586 893 698 966 Livius
728 895 763 958 in
795 891 913 978 Virgo,
936 902 971 955 ut
1000 889 1133 957 fabulae
1162 891 1209 953 in·

167 975 302 1126 seriftio
325 976 367 1040 sit
397 975 528 1062 Virynr,
559 1000 656 1063 quam
684 993 793 1047 tamen
817 979 1020 1046 Duentzerus
1041 978 1073 1041 in
1099 977 1210 1047 Liuius

167 1081 202 1127 m

168 1165 243 1214 esse
273 1161 478 1218 censuerunt.
520 1151 680 1236 Equidem
709 1151 847 1236 Virgum
869 1151 924 1218 sab
961 1171 1012 1216 am
1038 1149 1131 1220 Livio
1154 1149 1207 1212 tri·

166 1233 327 1298 buendam
346 1256 422 1298 esse
440 1236 588 1302 arbitror.
633 1237 841 1306 Weichertus
859 1249 973 1306 contra
989 1255 1111 1302 meram
1131 1255 1207 1298 con·

162 1316 326 1408 jectnram
347 1320 507 1398 Cordesii,
531 1323 585 1407 qui
607 1321 847 1395 etGiadiolum
870 1336 903 1389 et
923 1321 1063 1406 Lydium
1086 1332 1119 1384 et
1134 1317 1206 1383 Vir-

167 1405 274 1488 ginem
290 1401 414 1472 Laevio
437 1408 651 1480 vindicandas
674 1431 751 1476 esse
773 1411 998 1488 contenderat,
1021 1407 1206 1492 ita-tuetur,

165 1502 219 1568 ut,
252 1501 358 1562 utrum
389 1494 475 1558 serio
506 1495 538 1556 id
568 1516 608 1566 an
639 1496 713 1560 lusu
741 1496 817 1572 fiat,
849 1497 982 1564 nescias
1003 1492 1081 1560 fere.
1126 1492 1206 1568 Sed,

167 1577 315 1664 quamvis
337 1598 400 1643 nec
419 1579 504 1646 Livii
535 1601 596 1644 nec
618 1579 734 1652 Naevii
764 1602 827 1646 neo
847 1577 963 1649 Laevii
986 1579 1089 1662 Virgo
1106 1599 1205 1659 prae-

166 1681 272 1744 gnans
295 1665 355 1742 sit,
384 1686 426 1731 ne
447 1665 543 1734 Novii
565 1667 694 1752 quidem
725 1668 771 1736 ita
793 1679 862 1747 est,
895 1677 931 1734 ut
953 1665 1090 1731 Bothius
1111 1663 1205 1726 Mun·

162 1747 303 1834 kiusque
325 1751 450 1836 opinati
478 1764 563 1824 sunt,
606 1755 644 1818 In
673 1753 739 1824 hoc
765 1765 871 1821 entem
891 1753 968 1822 loco
991 1751 1050 1817 toti
1071 1769 1206 1814 versan-

164 1845 217 1899 tur
238 1837 381 1902 virorum
404 1837 574 1903 doctorum
596 1861 734 1914 errores
778 1840 967 1912 Priscianus
982 1838 1067 1904 enim
1080 1837 1114 1920 4)
1138 1834 1204 1899 Νο-

163 1923 209 1994 vii
231 1919 361 1990 disertis
382 1927 493 1990 verbis
522 1926 617 1992 affert
640 1925 830 2009 Virginem3
865 1944 1060 2010 quamquam
1091 1919 1205 1985 unicus

163 2005 219 2078 hio
240 2020 294 2078 est
313 2009 408 2078 locus
431 2011 651 2090 Priscianeus,
674 2034 737 2097 quo
759 2011 931 2086 Novianae
950 2009 1095 2092 Virginis
1118 2027 1204 2070 men-

161 2094 207 2158 tio
230 2092 296 2165 fiat,
339 2097 421 2168 Item
443 2097 569 2162 Nonius
586 2101 617 2177 5)
640 2098 737 2182 hujus
766 2096 900 2164 fabulae
921 2096 1136 2178 fragmentum
1161 2094 1204 2158 ci-

162 2190 209 2248 tat
230 2179 287 2260 ita,
311 2193 346 2248 nt
368 2194 400 2252 et
423 2185 559 2250 codices
580 2195 613 2249 et
629 2181 790 2250 editiones
806 2203 919 2250 omnes
935 2181 1076 2245 Novium
1091 2190 1204 2244 aucto-

158 2285 228 2334 rem
258 2266 442 2338 exhibeant,
498 2269 632 2338 Praeter
666 2272 732 2334 duo
765 2268 850 2336 haec
869 2268 1068 2351 'fragmenta
1104 2285 1205 2330 unum

161 2349 318 2427 BothiuS‚
335 2350 406 2432 *duo
428 2353 582 2417 Munkius
604 2354 736 2426 addidit
779 2356 888 2420 Falso.
930 2352 1078 2426 Alterum
1107 2352 1204 2422 enim,

248 1061 383 1147 r'irgine5
406 1063 560 1128 Osannus
577 1070 610 1146 ³)
641 1066 673 1130 in
698 1067 811 1133 Liuius
841 1067 951 1150 Lycur
974 1084 994 1128 o
1021 1063 1209 1130 mutandam
1322 1071 1326 1082 '

162 2434 251 2516 quod
272 2433 429 2502 Munkius
459 2437 562 2503 Novio
594 2438 720 2518 tribuit,
753 2438 923 2514 illudent,
954 2437 1042 2522 quod
1072 2455 1091 2499 e
1120 2435 1206 2498 Livii
1324 2439 1328 2458 ¹

161 2517 341 2584 Andronici
362 2519 467 2603 Virgo
497 2533 529 2586 et
549 2521 668 2586 Festus
698 2522 795 2588 affert
824 2529 863 2590 et'
878 2523 971 2590 Livio
1001 2521 1131 2586 omnino
1155 2540 1204 2583 re-

160 2604 357 2670 stituendum
395 2619 462 2686 est3
496 2605 634 2673 aiterum
663 2620 771 2678 autem
805 2630 827 2673 a
858 2607 973 2675 Bothio
1003 2617 1036 2670 et
1066 2605 1203 2670 Munkio

159 2687 288 2772 Virgini
309 2691 480 2763 Novianae
510 2694 730 2778 adscriptum,
763 2715 869 2779 neque
890 2686 988 2759 Novii
1017 2702 1070 2756 est
1098 2711 1205 2776 neque

160 2775 314 2848 efabnia
336 2775 424 2857 ulla,
447 2779 550 2862 Virgo
583 2781 751 2862 inscripta,
795 2782 922 2852 Citatur
944 2791 1094 2848 autema
1118 2776 1204 2840 Pris-

159 2862 254 2931 ciano
275 2875 326 2927 ter
340 2867 372 2944 ⁶)
403 2876 436 2930 et
457 2865 560 2938 semel
588 2887 610 2930 a
631 2865 789 2930 Diomede
805 2871 859 2946 ⁷),
888 2865 946 2935 sed
970 2865 1038 2941 ita',
1062 2873 1096 2928 ut
1118 2862 1205 2945 apud

160 2947 364 3021 Priscianum
385 2950 502 3016 Naevii
523 2972 640 3018 nomen
670 2952 907 3039 praescriptum
929 2951 971 3016 sit
1000 2970 1066 3017 non
1092 2949 1203 3016 addito

159 3044 267 3098 tamen
298 3034 430 3102 fabulae
453 3038 601 3117 jndicio,
634 3050 666 3102 et
693 3059 715 3102 a
748 3037 905 3104 Diomede
937 3039 983 3104 ita
1010 3035 1203 3102 inducatur:

162 3120 309 3188 Naeuius
329 3125 460 3198 edendi.
492 3125 633 3204 „Versus
655 3127 728 3211 ipse
747 3123 804 3189 hic
825 3136 898 3190 est:

243 3257 285 3296 on
308 3247 385 3296 nata
405 3249 454 3299 est
475 3235 593 3315 sponsa
612 3243 820 3317 praegnans?
841 3243 893 3299 uel
916 3243 958 3311 ai,
981 3239 1032 3298 vel
1052 3257 1144 3314 naga.

158 3363 253 3427 quern
268 3354 416 3490 timpte‘
452 3346 556 3416 simile
587 3356 813 3428 argumentum
850 3363 964 3414 omnes
1003 3341 1111 3408 adhuc
1143 3342 1203 3405 viri

158 3430 247 3495 docti
301 3431 397 3513 irgini
420 3432 612 3514 praegnanti
635 3429 902 3513 adscripserunt,
924 3427 1120 3505 falsissime3
1152 3439 1209 3493 est-

158 3518 243 3581 enim
267 3517 397 3582 omnino
419 3517 548 3596 Naevii,
580 3517 694 3582 nescio
717 3536 782 3600 qua
805 3536 846 3579 ex
868 3515 981 3586 fabula
1002 3517 1201 3601 depromtus.

157 3599 208 3665 De
229 3604 390 3688 sententia
410 3613 539 3680 autem,
569 3622 654 3687 quae
676 3602 707 3666 ei
728 3602 866 3668 subesse
887 3604 1054 3679 videatur,
1084 3611 1202 3685 postea

156 3685 353 3754 luculentius
374 3710 544 3776 exponam.

157 3834 367 3852 ιι-ιι-ιψ-ιο

226 3909 255 3977 1)
274 3907 295 3961 Ι.
314 3926 386 3981 puy.
404 3911 464 3964 477.
517 3909 546 3974 7)
570 3924 639 3980 paq.
668 3912 717 3964 174
734 3905 834 3961 Mucii·
887 3908 918 3976 3)
944 3909 975 3958 in
993 3903 1132 3960 thtscdr.
1150 3903 1202 3971 fiir

48 4008 51 4014 ’
156 3991 362 4048 Atterttumst.
388 3995 464 4052 18361
484 4010 554 4067 pay·
570 3997 629 4048 972.
682 3995 712 4058 4)
739 3991 757 4044 Ι.
776 3993 795 4046 t
850 3993 880 4060 5)
905 4010 926 4044 s.
946 4009 970 4044 o.
992 3993 1107 4062 puriter
1128 4007 1199 4060 pay.

155 4083 207 4134 516
225 4076 267 4130 Μ.
292 4082 344 4136 353
364 4077 396 4134 G·
457 4082 486 4144 6)
515 4077 532 4130 l.
556 4096 628 4150 puy·
654 4081 711 4136 473.
732 4083 783 4136 510
808 4085 835 4132 ct
852 4083 901 4136 511
921 4074 1018 4147 lircil.
1079 4078 1107 4140 7)
1130 4092 1199 4148 pay.

156 4168 208 4220 370
226 4162 342 4217 Prttsclr.
