2864 4944
520 405 747 483 ..5.-

191 586 251 656 Cn.
271 587 417 654 Naevius
439 607 514 652 num
535 587 670 672 Sangae
691 605 874 671 cognomen
894 589 1053 672 habuerit,
1075 595 1149 658 sub-

104 676 238 740 dubium
268 673 347 739 mihi
376 684 445 752 est,
475 675 624 763 quamvis
653 674 689 740 P.
711 674 841 741 Merula
860 680 892 760 ¹)
922 677 954 742 in
984 675 1151 762 Calpurnii

104 760 240 827 Pisonis
255 761 307 826 sui
323 759 365 824 de
379 769 525 825 veterum
545 769 716 842 poetarum
738 761 938 827 continentia
958 759 1044 827 libro
1065 763 1151 828 haee

105 863 146 911 se
175 845 299 928 legisse
335 843 492 928 affirmata
539 843 598 910 Cn.
633 844 748 932 Sanga
785 847 869 912 libro
902 847 964 912 W.
994 847 1036 913 de
1068 847 1151 914 dello

109 929 239 995 Punico
266 931 395 1015 prinam
434 931 561 994 incerta
599 931 684 996 enirn
713 931 777 997 lide
798 932 959 999 Merulam
991 953 1066 998 esse
1094 937 1151 998 inr-

103 1016 219 1100 primis
237 1017 282 1081 in
304 1016 369 1094 iis,
399 1035 485 1102 quae
513 1035 556 1080 ex
583 1013 668 1082 libro
697 1018 762 1084 isto
792 1017 900 1098 addit,
932 1018 979 1082 M.
1009 1018 1103 1084 lloch
1119 1023 1150 1102 ²)

105 1103 332 1167 demonstrare
353 1121 457 1185 nuper
483 1103 600 1185 coepit.
643 1102 756 1190 ltaque
779 1123 852 1168 cnm
883 1101 991 1169 nullus
1022 1117 1153 1188 praeter

104 1185 255 1252 Merulae
282 1186 436 1252 Pisonem
466 1187 607 1270 scriptor
636 1187 701 1252 lroo
731 1188 847 1252 Naevii
877 1207 1059 1271 cognomen
1087 1209 1151 1254 me·

105 1282 224 1352 moret,
245 1271 406 1336 Naevium
428 1273 622 1354 cognomine
645 1293 760 1338 carere
782 1271 881 1351 malo,
905 1293 1001 1359 quam
1020 1285 1154 1358 propter

105 1378 215 1440 mera,
244 1357 274 1422 si
303 1357 376 1422 Diis
406 1355 536 1440 placet,
565 1356 714 1422 Merulae
743 1369 928 1423 commenta
958 1359 1093 1442 Sangae
1123 1365 1154 1424 ei

104 1444 219 1508 indere
240 1461 423 1526 cognomen
440 1445 483 1526 3).
527 1440 637 1515 Quid?
671 1442 758 1528 quod
787 1461 850 1508 nec
880 1452 954 1508 ante
984 1463 1047 1509 nee
1077 1441 1153 1528 post

100 1526 268 1596 Merulam
299 1527 430 1591 Pisonis
469 1525 564 1590 istius
595 1527 768 1614 quisquam
798 1526 878 1592 vidit
908 1527 1035 1594 librum.
1086 1527 1154 1594 Sed

105 1613 254 1692 accedit,
278 1612 383 1698 quod,
406 1623 560 1698 quantum
590 1612 740 1698 equidem
771 1613 919 1696 memini,
947 1626 1158 1680 nemorale.

105 1719 179 1764 rum
211 1697 346 1780 Sangae
377 1717 496 1762 nomen
532 1707 609 1762 ante
643 1697 829 1762 Terentium
843 1700 877 1780 ⁴)
909 1696 1035 1778 attulit,
1059 1701 1154 1786 cujus

104 1793 215 1849 tamen
236 1781 350 1848 fabula
371 1781 547 1848 Eunuchus
569 1803 588 1847 e
612 1781 735 1867 duplici
759 1783 890 1848 Graeca
911 1783 1084 1850 Menandri
1105 1784 1152 1850 sa-

105 1867 185 1936 bula
223 1868 407 1952 composita
438 1879 507 1952 est,
541 1867 629 1932 unde
665 1868 800 1950 Sangae
835 1888 975 1950 nomen,
1012 1879 1048 1936 ut
1077 1889 1152 1936 cen·

105 1953 244 2018 tutionis
266 1953 408 2032 barbari,
424 1962 483 2018 aut
503 1953 690 2032 barbarum,
709 1955 774 2018 nisi
790 1953 966 2034 Graecum,
987 1965 1044 2020 aut
1064 1965 1155 2021 certo

104 2039 291 2106 Romanum
326 2037 449 2104 nullum
484 2036 607 2116 fuisse,
646 2037 860 2105 concluditur.
914 2040 999 2106 Nam
1033 2039 1152 2106 Roma-

105 2146 184 2191 nurn
219 2123 300 2190 illud
335 2143 455 2189 nomen
493 2143 560 2190 non
591 2123 719 2204 fuisse,
753 2145 773 2189 e
806 2123 926 2190 Donati
958 2125 1003 2191 ad
1031 2125 1152 2190 Teren·

41 2234 43 2239 ’
105 2211 186 2276 tium
230 2209 469 2276 commentariis
489 2213 521 2288 ⁵)
555 2208 739 2294 colligitur,
768 2210 824 2276 nbi
860 2207 945 2276 haec
973 2209 1152 2295 tleguntur:

106 2294 274 2382 „Sanqaz
310 2316 374 2360 nec
412 2293 599 2382 Sangarium
631 2295 768 2376 saltem,
806 2308 841 2361 ut
874 2316 993 2362 nomen
1022 2307 1121 2363 esset.
1130 2303 1152 2338 ‘⁸‘

103 2382 208 2467 Atqui
228 2381 258 2446 si
279 2381 413 2466 Sangae
435 2401 619 2465 cognomen
646 2391 766 2466 poetae
794 2381 930 2460 luisset,
961 2393 1018 2448 aut
1047 2393 1152 2448 exter-

102 2487 184 2532 num
205 2465 387 2546 hominem,
417 2476 475 2532 aut
502 2486 634 2534 servum
666 2467 826 2532 Naevium
857 2487 934 2532 esse
966 2482 1153 2553 appareret,

86 2551 204 2637 'quern
233 2553 419 2618 Romanum
448 2550 554 2618 fuisse
568 2550 671 2618 ‘inira
704 2553 1009 2618 demonstrabimus.
1062 2555 1153 2621 Satis

103 2638 205 2720 igitur
225 2658 389 2723 superque
409 2637 518 2702 habeo
541 2657 763 2717 memorasse,
794 2659 858 2723 qno
888 2639 1050 2704 audaciae
1077 2659 1153 2722 pro·

107 2742 246 2806 gressus
274 2725 318 2788 sit
347 2720 496 2800 Merula,
525 2725 580 2808 qui
605 2722 714 2786 locum
736 2743 758 2786 a
778 2723 886 2786 Nonio
902 2723 935 2806 ⁶)
966 2733 1152 2788 servatum:

109 2807 278 2873 Naevius.-
306 2827 385 2870 sune
414 2827 436 2869 a
456 2825 515 2868 suo
542 2809 678 2892 lirlptare
699 2809 794 2869 claro
806 2807 998 2956 s(eripuerint
1017 2809 1153 2890 Jupiter

104 2895 152 2960 lta
174 2893 363 2956 mutandum
385 2891 530 2969 censuit,
552 2901 649 2955 uteo
680 2891 777 2956 etiam
832 2909 939 2975 angae
969 2911 1154 2980 cognomen

85 2979 357 3064 ·cornprobetur:
394 2975 543 3040 Naevius
565 2973 698 3062 Sango:
720 2996 780 3041 ruo
801 2978 909 3041 sonitu
931 2979 1026 3052 claro
1048 2986 1107 3042 etc.

190 3063 311 3129 Natum
333 3061 367 3126 in
389 3059 567 3146 Campanis
590 3060 751 3126 Naevium
779 3081 872 3141 esse,
904 3063 1089 3148 quicunque
1112 3064 1154 3130 da

105 3151 177 3236 ejus
205 3149 274 3214 vita
303 3149 524 3232 scripserunt,
544 3169 564 3212 e
583 3148 694 3213 verbis
723 3145 821 3212 Gellii
835 3151 868 3232 ⁷)
891 3150 1085 3232 conjecisse!
1105 3151 1151 3216 vi·

64 3273 68 3280 -
107 3235 242 3301 denturr
273 3233 495 3318 xEpiprummn
535 3232 657 3298 Naeuii
687 3235 818 3316 plenum
847 3235 1021 3317 superbiae
1059 3233 1153 3299 Cornu

103 3341 224 3406 ponne.
274 3318 342 3384 Sed
371 3317 539 3402 Campana
574 3317 693 3402 plenus
731 3319 887 3402 superbia
918 3337 1026 3384 nonne
1053 3320 1151 3384 etiam

104 3405 275 3472 Romanus
301 3403 401 3469 homo
430 3423 507 3468 esse
534 3412 666 3487 potest,
699 3424 773 3467 eum
804 3405 879 3488 ipsa
909 3403 1151 3486 Campanorum

105 3489 162 3557 illa
189 3489 364 3556 insolentia
385 3491 418 3556 in
446 3489 656 3574 proverbium
684 3489 801 3558 abierit
816 3485 875 3572 ⁸)?
918 3487 1029 3567 Quid?
1061 3487 1150 3580 quod

172 3667 199 3735 1)
219 3666 260 3721 ad
280 3665 367 3720 Ennii
385 3663 502 3737 Proper.
520 3667 641 3739 puplii.
685 3667 717 3738 2)
729 3666 765 3722 de
780 3665 982 3722 Santonorum
996 3667 1152 3723 Annalium

103 3736 278 3808 fragmentis
295 3733 430 3790 urPonlo
448 3735 565 3790 Merula
589 3737 690 3790 onotte.
734 3733 855 3790 Bonane
877 3735 952 3790 1839.
1003 3735 1034 3800 3)
1053 3733 1152 3788 Osann

104 3803 226 3858 analect.
251 3805 316 3857 ortt.
336 3818 380 3874 pa
400 3841 408 3856 .
431 3803 475 3858 23.
526 3803 555 3866 d)
575 3801 703 3858 Eunuch-
723 3801 769 3859 w.
794 3801 863 3858 7.6.
914 3805 943 3870 5)
961 3801 982 3856 l.
1007 3803 1025 3855 l.
1045 3802 1153 3858 nunu

103 3887 205 3924 norum
222 3888 295 3925 unua·
312 3867 345 3934 Q.
392 3869 482 3936 abins,
500 3868 673 3943 Allobrogici
689 3869 777 3942 filius,
797 3867 915 3940 Sangae
933 3887 966 3924 co
1007 3877 1152 3930 omentum

104 3937 190 4020 nodet
211 3937 402 4008 (Drnmann'u
429 3936 528 3992 Geren.
547 3937 648 3991 Rom'r
665 3937 699 4000 V,
717 3936 802 4006 usu),
819 3937 896 4007 quod
923 3935 968 3991 Ga
980 3937 1068 3992 iteum
1093 3955 1154 3992 esse

104 4004 375 4128 ttt‘l‘laltlit
386 4012 720 4135 ,dtintitttit'l
739 4003 1152 4144 ltllttnilt‘t‘ttnii

102 4144 206 4212 fluuius
223 4148 265 4196 est
283 4138 407 4208 (Strabo
422 4159 492 4214 pap.
511 4141 563 4196 54³
581 4147 610 4196 ut
626 4141 677 4196 56³
706 4140 793 4208 Can).
838 4139 867 4208 6)
885 4159 907 4194 s.
931 4159 955 4196 o.
980 4140 1151 4214 fulpnrtoltr

102 4209 209 4278 froom.
234 4212 333 4264 insert.
357 4216 409 4278 tro¹
425 4245 432 4260 ·
448 4207 474 4266 9.
517 4210 545 4276 7)
564 4207 583 4264 l.
605 4209 647 4264 M.
662 4207 687 4262 2
721 4208 751 4272 8)
772 4206 861 4262 Cicer,
886 4211 917 4262 in
943 4209 1020 4262 nott.
1039 4209 1072 4262 ll.
1097 4208 1149 4272 ³3;

105 4263 182 4343 zell,
218 4225 461 4348 Ferienrclutllen
486 4275 519 4330 ll.
542 4294 613 4352 pap.
640 4277 690 4338 ⁴⁴3
724 4272 855 4346 Koeplrc,
880 4279 911 4330 tn
936 4273 1075 4331 Zettrclrr.
1101 4273 1153 4346 fiir

104 4341 437 4403 Altertlrumnotrrenrelr.
465 4343 540 4401 18³5.
560 4362 631 4419 pap.
652 4341 719 4399 inea
738 4348 795 4398 not.
820 4341 843 4396 l.

161 4456 177 4487 Ο
