2890 4948
648 407 699 424 ..
748 373 800 444 ῃ
848 407 902 426 ..

266 552 452 638 uternw),
471 549 764 639 flpaogmbergius
783 559 819 618 et
839 549 1031 620 sonemus

395 694 491 755 semes
515 710 587 752 scer
607 690 744 770 augescit
764 689 903 752 hostibus

270 819 442 905 ἀμέτρως.
485 821 591 888 Reate
618 829 728 886 nmen
756 821 870 904 quinto
899 821 982 888 libro
1003 819 1067 888 hoe
1095 817 1314 904 fragmentum

269 909 453 991 adscripsit·
475 905 775 990 spangenbergius.
824 905 968 973 Pertinet
997 908 1083 972 enim
1104 907 1148 970 ad
1178 905 1313 986 samem,

271 1013 336 1078 qua
355 992 469 1070 Poeni,
490 991 644 1058 Panormi
665 989 794 1070 inelrtsi,
814 988 987 1062 laborasse
1008 993 1202 1080 dicuntur2)
1223 1013 1313 1060 enno

269 1089 348 1170 post
368 1081 481 1148 urbem
502 1076 668 1145 conditam
687 1073 728 1142 D.

352 1312 545 1413 Nurimum
568 1327 716 1396 Naeuius
735 1219 814 1395 teriia·
836 1327 955 1394 Pestici
974 1328 1061 1396 titre
1080 1336 1191 1396 sexto:

396 1469 575 1547 superbiter
595 1469 769 1530 contemtim
792 1470 924 1530 conterit
945 1469 1083 1546 lepidues

353 1593 453 1664 Nulla
467 1595 773 1664 lectionisverietes
787 1594 969 1660 ineditione
983 1593 1313 1662 Gerleehiaueanno-
1432 1635 1433 1640 κ

269 1691 338 1748 tata
360 1692 430 1761 est,
462 1694 498 1747 nt
518 1681 584 1746 hoe
605 1682 703 1745 etiam
724 1679 799 1744 loeo
833 1699 898 1744 nen
920 1682 1049 1763 possis,
1071 1684 1147 1766 quin
1170 1681 1315 1746 levitatis
1432 1723 1433 1768 p

270 1765 440 1854 eujusdam
457 1768 644 1832 duumviros
665 1764 740 1830 illos
756 1765 899 1830 editores
915 1766 1057 1830 incuses.
1102 1767 1238 1850 Legitur
1254 1787 1314 1831 nu·

269 1863 335 1918 tem
356 1851 423 1916 nae
444 1853 477 1916 in
499 1853 640 1917 editione
663 1852 846 1934 superniter
857 1856 910 1930 ⁴),
933 1853 1022 1934 apud
1043 1851 1240 1916 Mereerinm
1260 1871 1314 1916 aa·

267 1935 425 2021 perditor.
468 1936 504 2001 ln
527 1937 601 2002 aliis
625 1935 716 2002 libris
746 1936 977 2019 manuscriptis
1010 1936 1140 2020 (neseio
1161 1955 1246 2022 quos
1266 1937 1315 2000 di·

271 2021 364 2106 eunt)
385 2020 501 2087 librum
524 2030 676 2108 quartum
698 2020 791 2086 uitari
805 2031 998 2086 asseverent
1023 2021 1317 2105 spangenbergtns

270 2105 540 2192 sententiasque
571 2107 687 2185 immo,
717 2105 913 2172 Gebhardus
926 2109 958 2188 ⁵)
988 2109 1131 2192 putatum
1161 2107 1194 2172 iu
1223 2107 1319 2172 tibris

270 2193 340 2255 suis
361 2192 493 2256 invenit.
536 2193 654 2256 Fretus
674 2192 772 2274 igitur
808 2189 907 2277 hujus
928 2191 989 2255 viri
1020 2193 1234 2269 auctoritate,
1263 2211 1317 2255 re·

269 2273 340 2342 fero
361 2273 429 2339 hoc
441 2277 657 2360 fragmentum
678 2277 721 2340 sd
735 2275 851 2340 librum
868 2277 1023 2361 quintum,
1044 2278 1227 2360 improbate
1245 2277 1317 2340 Me-

269 2359 363 2424 rulae
386 2362 522 2446 ejusque
549 2359 752 2426 asseclarum
781 2361 961 2438 sententia,
989 2362 1045 2448 qni
1074 2362 1163 2426 hune
1184 2381 1318 2426 versum

270 2446 314 2510 ad
342 2445 421 2510 illud
441 2466 546 2531 prope
575 2444 784 2512 Camerinam
812 2445 1019 2530 naufragium
1047 2448 1210 2530 pertinere
1230 2447 1317 2510 arbi-

270 2539 406 2595 tranmr.
461 2530 659 2597 Contereudi
686 2532 772 2596 enim
793 2533 928 2596 verbum
953 2533 1036 2596 satis
1058 2533 1203 2596 indioure
1225 2533 1316 2595 vide·

270 2623 348 2694 tur,¹
364 2635 431 2680 non
453 2618 673 2681 denudarem
695 2625 728 2680 et
752 2627 1001 2699 tempestatum,
1022 2619 1082 2682 sed
1097 2619 1139 2681 de
1161 2616 1315 2700 elephan-

270 2709 377 2766 torum
392 2703 424 2765 vi
438 2719 621 2768 sermonem
636 2719 714 2766 esse
726 2705 769 2781 ⁶).
793 2701 887 2776 Quae
903 2721 976 2766 cnm
994 2703 1040 2766 itu
1055 2703 1180 2780 sintae]
1196 2721 1316 2766 exeun-

271 2786 314 2850 tis
343 2787 419 2850 enni
442 2785 527 2851 DlV.
556 2787 826 2870 descriptionem,
855 2788 983 2871 quoad
1007 2788 1201 2851 Panormnm
1223 2799 1315 2852 autn-

270 2869 371 2936 mneli
393 2881 539 2954 tempore
563 2872 665 2936 Poeni
686 2893 707 2936 a
724 2870 857 2936 Metello
874 2873 1028 2954 prostrati
1050 2883 1137 2949 sunt,
1158 2871 1222 2936 hos
1241 2893 1315 2936 ver-

271 2974 330 3019 sus
352 2966 505 3038 spectare
527 2967 624 3038 puto;
647 2957 739 3020 initio
762 2957 847 3021 enim
887 2977 995 3039 ugnas
1011 2956 1177 3041 elephanti
1197 2957 1229 3020 in
1245 2956 1315 3021 Ro·

270 3059 388 3104 manos
409 3041 590 3118 irruerunt,
618 3059 694 3103 mox
716 3059 737 3104 a
758 2979 894 3105 Meteri>
916 3042 1035 3105 devicti
1057 3043 1140 3106 etin
1163 3061 1244 3106 snos
1266 3061 1315 3106 re·

272 3123 364 3187 trusi.
408 3124 571 3198 Quantum
594 3135 701 3188 ornem
724 3125 821 3190 etiam
845 3135 912 3189 tum
939 3126 1102 3192 Romanis
1123 3126 1238 3190 harum
1262 3131 1315 3192 be·

271 3208 408 3276 stiurum
429 3218 535 3275 metus
554 3207 663 3288 suerit,
684 3229 800 3274 omnes
823 3207 895 3275 titre
910 3221 1063 3278 notarunt
1078 3213 1259 3298 seriptores
1270 3216 1313 3294 ⁷).

688 3361 896 3383 mpi-

269 3521 477 3540 mun—n-

339 3608 367 3677 l)
385 3609 404 3664 l.
423 3610 442 3665 l.
464 3627 536 3686 pap.
559 3613 619 3668 435.
680 3614 709 3680 2)
729 3611 860 3670 Frontin.
889 3612 1016 3689 Stratep.
1042 3615 1074 3670 ΙΙ.
1101 3615 1124 3670 1.
1183 3613 1212 3682 3)
1230 3635 1254 3671 a.
1271 3635 1313 3672 ou.

269 3701 430 3773 superbiter
454 3711 483 3758 et
505 3708 669 3761 contenuim
693 3722 762 3778 pap.
788 3705 846 3762 515.
867 3706 899 3760 10
917 3715 947 3762 et
962 3709 997 3762 33
1021 3706 1129 3769 Mero..
1148 3709 1200 3764 352
1217 3718 1246 3764 et
1264 3711 1314 3765 353

271 3791 348 3847 Gerl.
401 3794 430 3862 t)
459 3794 589 3852 Waltter
606 3798 647 3854 ad
668 3797 881 3870 Tacittdnual.
901 3798 972 3853 ΧΙΙΙ.
994 3800 1025 3854 10
1042 3807 1070 3854 et
1096 3801 1160 3856 lod.
1177 3801 1223 3858 lv,
1244 3821 1314 3876 pap.

268 3885 336 3950 4285
353 3885 455 3941 Duker
471 3890 512 3943 ad
528 3889 660 3944 Frontv.
681 3891 722 3944 lu.
736 3890 779 3945 te.
789 3907 864 3963 pap.
881 3891 940 3945 837.
959 3891 1003 3944 ed.
1013 3891 1090 3962 Lupo.
1099 3911 1111 3954 ‚-
1140 3892 1240 3948 Osann
1251 3895 1315 3950 Bai·

268 3981 351 4050 trdpe
370 3995 421 4035 zur
440 3977 641 4035 Gnecmsctea
660 3983 721 4038 und
738 3981 911 4042 Renrsnlnn
936 3981 1177 4056 Luerannpeect.
1196 3986 1229 4040 ΙΙ.
1240 4005 1314 4060 pap.

266 4068 318 4124 255
337 4087 397 4141 sqq.
450 4073 480 4138 5)
499 4071 540 4126 ad
564 4071 626 4128 Liu·
651 4073 750 4128 XXili.
775 4075 817 4127 33.
842 4074 876 4128 10
900 4071 993 4128 Dran
1050 4075 1082 4143 t)
1104 4075 1239 4132 Gebhard
1254 4080 1273 4133 l.
1293 4080 1313 4132 i.

266 4161 294 4228 7)
315 4159 416 4234 Pnups
436 4162 456 4216 Ι.
474 4163 507 4218 33
525 4171 554 4218 et
570 4165 619 4227 to;
647 4163 772 4220 Camena
797 4173 826 4220 at
844 4163 973 4220 Fretmlt
990 4167 1031 4221 uti
1056 4166 1134 4224 Hor.
1158 4168 1190 4224 ΙΙ.
1213 4171 1239 4226 3.
1262 4171 1312 4234 385

192 4271 194 4276 ·
266 4251 379 4312 Fabric.
397 4255 438 4311 ad
457 4253 539 4310 Oros.
559 4255 604 4312 Ν.
623 4255 649 4309 t.
