<?xml version="1.0" encoding="UTF-8"?>
<!DOCTYPE html PUBLIC "-//W3C//DTD XHTML 1.0 Transitional//EN"
    "http://www.w3.org/TR/xhtml1/DTD/xhtml1-transitional.dtd">
<html xmlns="http://www.w3.org/1999/xhtml" xml:lang="en" lang="en">
 <head>
  <title>
</title>
<meta http-equiv="Content-Type" content="text/html;charset=utf-8" />
  <meta name='ocr-system' content='tesseract 3.04.00' />
  <meta name='ocr-capabilities' content='ocr_page ocr_carea ocr_par ocr_line ocrx_word'/>
</head>
<body>
  <div class='ocr_page' id='page_1' title='image "./cnnaeviipoetaer00naevgoog_0084.png"; bbox 0 0 2890 4948; ppageno 0'>
   <div class='ocr_carea' id='block_1_1' title="bbox 545 336 798 407">
    <p class='ocr_par' dir='ltr' id='par_1_1' title="bbox 545 336 798 407">
     <span class='ocr_line' id='line_1_1' title="bbox 545 336 798 407; baseline 0.008 -19"><span class='ocrx_word' id='word_1_1' title='bbox 545 336 798 407; x_wconf 70' lang='lat'>-71-</span> 
     </span>
    </p>
   </div>
   <div class='ocr_carea' id='block_1_2' title="bbox 139 508 1185 752">
    <p class='ocr_par' dir='ltr' id='par_1_2' title="bbox 139 508 1185 752">
     <span class='ocr_line' id='line_1_2' title="bbox 144 508 1185 602; baseline 0.01 -24"><span class='ocrx_word' id='word_1_2' title='bbox 144 529 228 598; x_wconf 84' lang='lat' dir='ltr'><strong>qnos</strong></span> <span class='ocrx_word' id='word_1_3' title='bbox 249 529 369 580; x_wconf 83' lang='lat' dir='ltr'><strong>versus</strong></span> <span class='ocrx_word' id='word_1_4' title='bbox 388 508 435 580; x_wconf 82' lang='lat' dir='ltr'><strong>ad</strong></span> <span class='ocrx_word' id='word_1_5' title='bbox 448 511 640 578; x_wconf 77' lang='lat' dir='ltr'><strong>mntmetatn</strong></span> <span class='ocrx_word' id='word_1_6' title='bbox 654 508 753 580; x_wconf 60' lang='lat' dir='ltr'><em>W</em></span> <span class='ocrx_word' id='word_1_7' title='bbox 774 511 917 584; x_wconf 70' lang='lat' dir='ltr'><strong>oleam</strong></span> <span class='ocrx_word' id='word_1_8' title='bbox 933 515 1095 602; x_wconf 70' lang='lat' dir='ltr'><strong>nentium</strong></span> <span class='ocrx_word' id='word_1_9' title='bbox 1114 539 1185 588; x_wconf 84' lang='lat' dir='ltr'><strong>ene·</strong></span> 
     </span>
     <span class='ocr_line' id='line_1_3' title="bbox 143 597 1184 692; baseline 0.009 -29"><span class='ocrx_word' id='word_1_10' title='bbox 143 601 211 678; x_wconf 81' lang='lat' dir='ltr'><strong>dit,</strong></span> <span class='ocrx_word' id='word_1_11' title='bbox 233 618 299 686; x_wconf 86' lang='lat' dir='ltr'><strong>qua</strong></span> <span class='ocrx_word' id='word_1_12' title='bbox 319 599 353 664; x_wconf 91' lang='lat' dir='ltr'><strong>in</strong></span> <span class='ocrx_word' id='word_1_13' title='bbox 375 618 413 664; x_wconf 88' lang='lat' dir='ltr'><strong>re</strong></span> <span class='ocrx_word' id='word_1_14' title='bbox 433 597 657 664; x_wconf 80' lang='lat' dir='ltr'><strong>consentiente</strong></span> <span class='ocrx_word' id='word_1_15' title='bbox 678 599 800 684; x_wconf 82' lang='lat' dir='ltr'><strong>gaudet</strong></span> <span class='ocrx_word' id='word_1_16' title='bbox 812 597 1030 688; x_wconf 82' lang='lat' dir='ltr'><strong>Mueller01),</strong></span> <span class='ocrx_word' id='word_1_17' title='bbox 1051 604 1106 692; x_wconf 87' lang='lat' dir='ltr'><strong>qui</strong></span> <span class='ocrx_word' id='word_1_18' title='bbox 1127 605 1184 674; x_wconf 85' lang='lat' dir='ltr'><strong>nli·</strong></span> 
     </span>
     <span class='ocr_line' id='line_1_4' title="bbox 139 684 509 752; baseline -0.003 -2"><span class='ocrx_word' id='word_1_19' title='bbox 139 695 189 750; x_wconf 87' lang='lat' dir='ltr'><strong>ter</strong></span> <span class='ocrx_word' id='word_1_20' title='bbox 210 695 319 752; x_wconf 81' lang='lat' dir='ltr'><strong>tumen</strong></span> <span class='ocrx_word' id='word_1_21' title='bbox 340 684 509 751; x_wconf 77' lang='lat' dir='ltr'><strong>emendet:</strong></span> 
     </span>
    </p>
   </div>
   <div class='ocr_carea' id='block_1_3' title="bbox 270 799 1143 962">
    <p class='ocr_par' dir='ltr' id='par_1_3' title="bbox 270 799 1143 962">
     <span class='ocr_line' id='line_1_5' title="bbox 434 799 1106 880; baseline 0.007 -23"><span class='ocrx_word' id='word_1_22' title='bbox 434 817 497 859; x_wconf 85' lang='lat' dir='ltr'><strong>nun</strong></span> <span class='ocrx_word' id='word_1_23' title='bbox 517 799 601 858; x_wconf 79' lang='lat' dir='ltr'><strong>ierne·</strong></span> <span class='ocrx_word' id='word_1_24' title='bbox 625 799 740 874; x_wconf 80' lang='lat' dir='ltr'><strong>queant</strong></span> <span class='ocrx_word' id='word_1_25' title='bbox 759 801 857 858; x_wconf 85' lang='lat' dir='ltr'><strong>ratem</strong></span> <span class='ocrx_word' id='word_1_26' title='bbox 879 803 1031 876; x_wconf 78' lang='lat' dir='ltr'><strong>amatam,</strong></span> <span class='ocrx_word' id='word_1_27' title='bbox 1053 806 1106 880; x_wconf 85' lang='lat' dir='ltr'><strong>qni</strong></span> 
     </span>
     <span class='ocr_line' id='line_1_6' title="bbox 270 881 1143 962; baseline 0.009 -19"><span class='ocrx_word' id='word_1_28' title='bbox 270 881 496 962; x_wconf 83' lang='lat' dir='ltr'><strong>perliquidum</strong></span> <span class='ocrx_word' id='word_1_29' title='bbox 517 899 602 943; x_wconf 87' lang='lat' dir='ltr'><strong>mare</strong></span> <span class='ocrx_word' id='word_1_30' title='bbox 623 882 769 944; x_wconf 79' lang='lat' dir='ltr'><strong>sudantes</strong></span> <span class='ocrx_word' id='word_1_31' title='bbox 790 886 882 961; x_wconf 81' lang='lat' dir='ltr'><strong>atque</strong></span> <span class='ocrx_word' id='word_1_32' title='bbox 904 889 980 948; x_wconf 86' lang='lat' dir='ltr'><strong>eunt</strong></span> <span class='ocrx_word' id='word_1_33' title='bbox 1000 886 1143 951; x_wconf 76' lang='lat' dir='ltr'><strong>sedentes</strong></span> 
     </span>
    </p>
   </div>
   <div class='ocr_carea' id='block_1_4' title="bbox 139 983 737 1074">
    <p class='ocr_par' dir='ltr' id='par_1_4' title="bbox 139 983 737 1074">
     <span class='ocr_line' id='line_1_7' title="bbox 139 983 737 1074; baseline -0.002 -21"><span class='ocrx_word' id='word_1_34' title='bbox 139 983 191 1053; x_wconf 87' lang='lat' dir='ltr'><strong>De</strong></span> <span class='ocrx_word' id='word_1_35' title='bbox 212 985 373 1054; x_wconf 82' lang='lat' dir='ltr'><strong>Schuettii</strong></span> <span class='ocrx_word' id='word_1_36' title='bbox 391 986 513 1074; x_wconf 79' lang='lat' dir='ltr'><strong>judicio</strong></span> <span class='ocrx_word' id='word_1_37' title='bbox 535 1006 603 1053; x_wconf 91' lang='lat' dir='ltr'><strong>non</strong></span> <span class='ocrx_word' id='word_1_38' title='bbox 622 984 737 1072; x_wconf 90' lang='lat' dir='ltr'><strong>liquet.</strong></span> 
     </span>
    </p>
   </div>
   <div class='ocr_carea' id='block_1_5' title="bbox 138 1093 1181 1267">
    <p class='ocr_par' dir='ltr' id='par_1_5' title="bbox 138 1093 1181 1267">
     <span class='ocr_line' id='line_1_8' title="bbox 222 1093 1181 1177; baseline 0.008 -14"><span class='ocrx_word' id='word_1_39' title='bbox 222 1097 363 1163; x_wconf 79' lang='lat' dir='ltr'><strong>Mettum</strong></span> <span class='ocrx_word' id='word_1_40' title='bbox 382 1095 567 1163; x_wconf 87' lang='lat' dir='ltr'><strong>Saturnium</strong></span> <span class='ocrx_word' id='word_1_41' title='bbox 588 1097 673 1162; x_wconf 90' lang='lat' dir='ltr'><strong>bene</strong></span> <span class='ocrx_word' id='word_1_42' title='bbox 687 1114 763 1162; x_wconf 86' lang='lat' dir='ltr'><strong>sesa</strong></span> <span class='ocrx_word' id='word_1_43' title='bbox 783 1093 895 1177; x_wconf 83' lang='lat' dir='ltr'><strong>hebet,</strong></span> <span class='ocrx_word' id='word_1_44' title='bbox 917 1097 1015 1166; x_wconf 79' lang='lat' dir='ltr'><strong>mutio</strong></span> <span class='ocrx_word' id='word_1_45' title='bbox 1033 1097 1181 1171; x_wconf 86' lang='lat' dir='ltr'><strong>ultimam</strong></span> 
     </span>
     <span class='ocr_line' id='line_1_9' title="bbox 138 1181 971 1267; baseline 0.001 -20"><span class='ocrx_word' id='word_1_46' title='bbox 138 1182 235 1250; x_wconf 81' lang='lat' dir='ltr'><strong>vocis</strong></span> <span class='ocrx_word' id='word_1_47' title='bbox 256 1183 411 1248; x_wconf 67' lang='lat' dir='ltr'><strong>natantes</strong></span> <span class='ocrx_word' id='word_1_48' title='bbox 431 1183 500 1248; x_wconf 84' lang='lat' dir='ltr'><strong>ursi</strong></span> <span class='ocrx_word' id='word_1_49' title='bbox 520 1181 713 1267; x_wconf 76' lang='lat' dir='ltr'><strong>productam</strong></span> <span class='ocrx_word' id='word_1_50' title='bbox 734 1200 811 1247; x_wconf 89' lang='lat' dir='ltr'><strong>esse</strong></span> <span class='ocrx_word' id='word_1_51' title='bbox 833 1193 971 1250; x_wconf 84' lang='lat' dir='ltr'><strong>statuas.</strong></span> 
     </span>
    </p>
   </div>
   <div class='ocr_carea' id='block_1_6' title="bbox 123 1289 1263 2737">
    <p class='ocr_par' dir='ltr' id='par_1_6' title="bbox 123 1289 1263 2737">
     <span class='ocr_line' id='line_1_10' title="bbox 222 1289 1178 1376; baseline 0.004 -18"><span class='ocrx_word' id='word_1_52' title='bbox 222 1291 366 1358; x_wconf 80' lang='lat' dir='ltr'><strong>Pertinet</strong></span> <span class='ocrx_word' id='word_1_53' title='bbox 386 1290 453 1356; x_wconf 87' lang='lat' dir='ltr'><strong>hoe</strong></span> <span class='ocrx_word' id='word_1_54' title='bbox 472 1289 692 1375; x_wconf 81' lang='lat' dir='ltr'><strong>fragmentum</strong></span> <span class='ocrx_word' id='word_1_55' title='bbox 706 1290 751 1356; x_wconf 87' lang='lat' dir='ltr'><strong>ad</strong></span> <span class='ocrx_word' id='word_1_56' title='bbox 764 1290 970 1376; x_wconf 78' lang='lat' dir='ltr'><strong>naufragium</strong></span> <span class='ocrx_word' id='word_1_57' title='bbox 986 1291 1066 1360; x_wconf 79' lang='lat' dir='ltr'><strong>utun</strong></span> <span class='ocrx_word' id='word_1_58' title='bbox 1083 1296 1178 1362; x_wconf 83' lang='lat' dir='ltr'><strong>mise·</strong></span> 
     </span>
     <span class='ocr_line' id='line_1_11' title="bbox 133 1373 1178 1464; baseline 0.002 -20"><span class='ocrx_word' id='word_1_59' title='bbox 133 1373 258 1457; x_wconf 85' lang='lat' dir='ltr'><strong>nubile,</strong></span> <span class='ocrx_word' id='word_1_60' title='bbox 286 1387 364 1462; x_wconf 87' lang='lat' dir='ltr'><strong>post</strong></span> <span class='ocrx_word' id='word_1_61' title='bbox 387 1377 492 1463; x_wconf 86' lang='lat' dir='ltr'><strong>quod,</strong></span> <span class='ocrx_word' id='word_1_62' title='bbox 521 1377 693 1443; x_wconf 78' lang='lat' dir='ltr'><strong>exhaustis</strong></span> <span class='ocrx_word' id='word_1_63' title='bbox 723 1375 794 1442; x_wconf 82' lang='lat' dir='ltr'><strong>fene</strong></span> <span class='ocrx_word' id='word_1_64' title='bbox 822 1375 1022 1461; x_wconf 76' lang='lat' dir='ltr'><strong>reipublicae</strong></span> <span class='ocrx_word' id='word_1_65' title='bbox 1048 1381 1178 1464; x_wconf 83' lang='lat' dir='ltr'><strong>opibus,</strong></span> 
     </span>
     <span class='ocr_line' id='line_1_12' title="bbox 132 1457 1176 1548; baseline 0.003 -21"><span class='ocrx_word' id='word_1_66' title='bbox 132 1481 156 1527; x_wconf 88' lang='lat' dir='ltr'><strong>a</strong></span> <span class='ocrx_word' id='word_1_67' title='bbox 176 1463 314 1546; x_wconf 84' lang='lat' dir='ltr'><strong>privatis</strong></span> <span class='ocrx_word' id='word_1_68' title='bbox 337 1482 444 1526; x_wconf 84' lang='lat' dir='ltr'><strong>naves</strong></span> <span class='ocrx_word' id='word_1_69' title='bbox 476 1473 662 1528; x_wconf 80' lang='lat' dir='ltr'><strong>exstructus</strong></span> <span class='ocrx_word' id='word_1_70' title='bbox 690 1457 795 1526; x_wconf 78' lang='lat' dir='ltr'><strong>finisse</strong></span> <span class='ocrx_word' id='word_1_71' title='bbox 815 1463 1005 1548; x_wconf 66' lang='lat' dir='ltr'><strong>nau-nnt&#39;).</strong></span> <span class='ocrx_word' id='word_1_72' title='bbox 1047 1464 1083 1528; x_wconf 89' lang='lat' dir='ltr'><strong>ln</strong></span> <span class='ocrx_word' id='word_1_73' title='bbox 1105 1483 1176 1530; x_wconf 84' lang='lat' dir='ltr'><strong>ver·</strong></span> 
     </span>
     <span class='ocr_line' id='line_1_13' title="bbox 132 1545 1177 1634; baseline 0.003 -21"><span class='ocrx_word' id='word_1_74' title='bbox 132 1548 186 1614; x_wconf 81' lang='lat' dir='ltr'><strong>bie</strong></span> <span class='ocrx_word' id='word_1_75' title='bbox 213 1557 322 1614; x_wconf 87' lang='lat' dir='ltr'><strong>autem</strong></span> <span class='ocrx_word' id='word_1_76' title='bbox 343 1547 522 1614; x_wconf 84' lang='lat' dir='ltr'><strong>Naevianis</strong></span> <span class='ocrx_word' id='word_1_77' title='bbox 550 1545 661 1634; x_wconf 82' lang='lat' dir='ltr'><strong>legem</strong></span> <span class='ocrx_word' id='word_1_78' title='bbox 688 1545 779 1614; x_wconf 88' lang='lat' dir='ltr'><strong>illam</strong></span> <span class='ocrx_word' id='word_1_79' title='bbox 809 1565 994 1631; x_wconf 77' lang='lat' dir='ltr'><strong>agnuaeene</strong></span> <span class='ocrx_word' id='word_1_80' title='bbox 1022 1548 1102 1616; x_wconf 86' lang='lat' dir='ltr'><strong>mihi</strong></span> <span class='ocrx_word' id='word_1_81' title='bbox 1130 1550 1177 1616; x_wconf 86' lang='lat' dir='ltr'><strong>vi·</strong></span> 
     </span>
     <span class='ocr_line' id='line_1_14' title="bbox 132 1627 1176 1719; baseline 0.003 -22"><span class='ocrx_word' id='word_1_82' title='bbox 132 1633 234 1711; x_wconf 80' lang='lat' dir='ltr'><strong>deur,</strong></span> <span class='ocrx_word' id='word_1_83' title='bbox 263 1653 328 1719; x_wconf 82' lang='lat' dir='ltr'><strong>qne</strong></span> <span class='ocrx_word' id='word_1_84' title='bbox 349 1631 486 1700; x_wconf 82' lang='lat' dir='ltr'><strong>ferenda</strong></span> <span class='ocrx_word' id='word_1_85' title='bbox 514 1652 635 1698; x_wconf 86' lang='lat' dir='ltr'><strong>novam</strong></span> <span class='ocrx_word' id='word_1_86' title='bbox 656 1632 720 1698; x_wconf 85' lang='lat' dir='ltr'><strong>sibi</strong></span> <span class='ocrx_word' id='word_1_87' title='bbox 748 1627 891 1701; x_wconf 80' lang='lat' dir='ltr'><strong>alensem</strong></span> <span class='ocrx_word' id='word_1_88' title='bbox 911 1631 1052 1700; x_wconf 84' lang='lat' dir='ltr'><strong>Romani</strong></span> <span class='ocrx_word' id='word_1_89' title='bbox 1079 1653 1176 1719; x_wconf 83' lang='lat' dir='ltr'><strong>pann·</strong></span> 
     </span>
     <span class='ocr_line' id='line_1_15' title="bbox 130 1716 1178 1804; baseline 0.003 -21"><span class='ocrx_word' id='word_1_90' title='bbox 130 1729 258 1784; x_wconf 86' lang='lat' dir='ltr'><strong>verunt</strong></span> <span class='ocrx_word' id='word_1_91' title='bbox 301 1717 334 1785; x_wconf 85' lang='lat' dir='ltr'><strong>Ji</strong></span> <span class='ocrx_word' id='word_1_92' title='bbox 361 1717 466 1796; x_wconf 85' lang='lat' dir='ltr'><strong>enim,</strong></span> <span class='ocrx_word' id='word_1_93' title='bbox 496 1719 551 1804; x_wconf 87' lang='lat' dir='ltr'><strong>qui</strong></span> <span class='ocrx_word' id='word_1_94' title='bbox 580 1738 645 1802; x_wconf 87' lang='lat' dir='ltr'><strong>quo</strong></span> <span class='ocrx_word' id='word_1_95' title='bbox 674 1716 751 1782; x_wconf 87' lang='lat' dir='ltr'><strong>loen</strong></span> <span class='ocrx_word' id='word_1_96' title='bbox 782 1728 994 1784; x_wconf 82' lang='lat' dir='ltr'><strong>versarentur</strong></span> <span class='ocrx_word' id='word_1_97' title='bbox 1022 1729 1080 1786; x_wconf 87' lang='lat' dir='ltr'><strong>aut</strong></span> <span class='ocrx_word' id='word_1_98' title='bbox 1099 1739 1178 1786; x_wconf 90' lang='lat' dir='ltr'><strong>num</strong></span> 
     </span>
     <span class='ocr_line' id='line_1_16' title="bbox 131 1803 1175 1889; baseline 0 -19"><span class='ocrx_word' id='word_1_99' title='bbox 131 1804 264 1870; x_wconf 88' lang='lat' dir='ltr'><strong>omnino</strong></span> <span class='ocrx_word' id='word_1_100' title='bbox 285 1803 319 1869; x_wconf 91' lang='lat' dir='ltr'><strong>in</strong></span> <span class='ocrx_word' id='word_1_101' title='bbox 340 1804 424 1869; x_wconf 84' lang='lat' dir='ltr'><strong>vivis</strong></span> <span class='ocrx_word' id='word_1_102' title='bbox 445 1814 570 1881; x_wconf 82' lang='lat' dir='ltr'><strong>essent,</strong></span> <span class='ocrx_word' id='word_1_103' title='bbox 590 1804 749 1871; x_wconf 82' lang='lat' dir='ltr'><strong>inuentum</strong></span> <span class='ocrx_word' id='word_1_104' title='bbox 770 1814 855 1882; x_wconf 84' lang='lat' dir='ltr'><strong>erat,</strong></span> <span class='ocrx_word' id='word_1_105' title='bbox 876 1813 909 1869; x_wconf 90' lang='lat' dir='ltr'><strong>et</strong></span> <span class='ocrx_word' id='word_1_106' title='bbox 934 1805 1001 1889; x_wconf 85' lang='lat' dir='ltr'><strong>qni,</strong></span> <span class='ocrx_word' id='word_1_107' title='bbox 1023 1803 1100 1870; x_wconf 85' lang='lat' dir='ltr'><strong>dum</strong></span> <span class='ocrx_word' id='word_1_108' title='bbox 1121 1825 1175 1872; x_wconf 85' lang='lat' dir='ltr'><strong>ee·</strong></span> 
     </span>
     <span class='ocr_line' id='line_1_17' title="bbox 127 1887 1173 1957; baseline 0.003 -3"><span class='ocrx_word' id='word_1_109' title='bbox 127 1888 191 1954; x_wconf 84' lang='lat' dir='ltr'><strong>teri</strong></span> <span class='ocrx_word' id='word_1_110' title='bbox 212 1889 304 1954; x_wconf 81' lang='lat' dir='ltr'><strong>eines</strong></span> <span class='ocrx_word' id='word_1_111' title='bbox 333 1887 445 1956; x_wconf 81' lang='lat' dir='ltr'><strong>navali</strong></span> <span class='ocrx_word' id='word_1_112' title='bbox 473 1888 765 1956; x_wconf 81' lang='lat' dir='ltr'><strong>militiasudarent</strong></span> <span class='ocrx_word' id='word_1_113' title='bbox 790 1887 902 1952; x_wconf 85' lang='lat' dir='ltr'><strong>autin</strong></span> <span class='ocrx_word' id='word_1_114' title='bbox 932 1887 1059 1954; x_wconf 85' lang='lat' dir='ltr'><strong>urbium</strong></span> <span class='ocrx_word' id='word_1_115' title='bbox 1087 1889 1173 1957; x_wconf 88' lang='lat' dir='ltr'><strong>obsi·</strong></span> 
     </span>
     <span class='ocr_line' id='line_1_18' title="bbox 128 1971 1175 2058; baseline 0.002 -20"><span class='ocrx_word' id='word_1_116' title='bbox 128 1971 283 2048; x_wconf 77' lang='lat' dir='ltr'><strong>«lienibus</strong></span> <span class='ocrx_word' id='word_1_117' title='bbox 311 1974 464 2040; x_wconf 85' lang='lat' dir='ltr'><strong>sederent</strong></span> <span class='ocrx_word' id='word_1_118' title='bbox 475 1975 527 2058; x_wconf 78' lang='lat'><strong>³),</strong></span> <span class='ocrx_word' id='word_1_119' title='bbox 556 1973 644 2040; x_wconf 87' lang='lat' dir='ltr'><strong>dumi</strong></span> <span class='ocrx_word' id='word_1_120' title='bbox 681 1982 907 2037; x_wconf 78' lang='lat' dir='ltr'><strong>remanserunt</strong></span> <span class='ocrx_word' id='word_1_121' title='bbox 934 1973 1008 2057; x_wconf 75' lang='lat' dir='ltr'><strong>agri</strong></span> <span class='ocrx_word' id='word_1_122' title='bbox 1043 1971 1175 2040; x_wconf 82' lang='lat' dir='ltr'><strong>nolendi</strong></span> 
     </span>
     <span class='ocr_line' id='line_1_19' title="bbox 127 2056 1173 2142; baseline 0.003 -19"><span class='ocrx_word' id='word_1_123' title='bbox 127 2077 234 2123; x_wconf 80' lang='lat' dir='ltr'><strong>eausa</strong></span> <span class='ocrx_word' id='word_1_124' title='bbox 254 2059 317 2140; x_wconf 83' lang='lat' dir='ltr'><strong>(ita</strong></span> <span class='ocrx_word' id='word_1_125' title='bbox 336 2060 420 2124; x_wconf 90' lang='lat' dir='ltr'><strong>enim</strong></span> <span class='ocrx_word' id='word_1_126' title='bbox 443 2079 484 2124; x_wconf 87' lang='lat' dir='ltr'><strong>ea</strong></span> <span class='ocrx_word' id='word_1_127' title='bbox 504 2057 649 2142; x_wconf 79' lang='lat' dir='ltr'><strong>retingo,</strong></span> <span class='ocrx_word' id='word_1_128' title='bbox 677 2076 763 2140; x_wconf 85' lang='lat' dir='ltr'><strong>quae</strong></span> <span class='ocrx_word' id='word_1_129' title='bbox 784 2066 861 2142; x_wconf 84' lang='lat' dir='ltr'><strong>post</strong></span> <span class='ocrx_word' id='word_1_130' title='bbox 890 2056 1027 2123; x_wconf 76' lang='lat' dir='ltr'><strong>alterum</strong></span> <span class='ocrx_word' id='word_1_131' title='bbox 1077 2079 1173 2126; x_wconf 85' lang='lat' dir='ltr'><strong>nono·</strong></span> 
     </span>
     <span class='ocr_line' id='line_1_20' title="bbox 125 2139 1174 2228; baseline 0.002 -20"><span class='ocrx_word' id='word_1_132' title='bbox 125 2161 202 2208; x_wconf 90' lang='lat' dir='ltr'><strong>men</strong></span> <span class='ocrx_word' id='word_1_133' title='bbox 222 2142 256 2207; x_wconf 94' lang='lat' dir='ltr'><strong>in</strong></span> <span class='ocrx_word' id='word_1_134' title='bbox 276 2141 497 2223; x_wconf 78' lang='lat' dir='ltr'><strong>tine-desunt;</strong></span> <span class='ocrx_word' id='word_1_135' title='bbox 527 2163 601 2210; x_wconf 85' lang='lat' dir='ltr'><strong>nam</strong></span> <span class='ocrx_word' id='word_1_136' title='bbox 622 2139 784 2225; x_wconf 80' lang='lat' dir='ltr'><strong>Regulum</strong></span> <span class='ocrx_word' id='word_1_137' title='bbox 807 2161 956 2227; x_wconf 88' lang='lat' dir='ltr'><strong>quoque,</strong></span> <span class='ocrx_word' id='word_1_138' title='bbox 978 2164 1042 2228; x_wconf 87' lang='lat' dir='ltr'><strong>quo</strong></span> <span class='ocrx_word' id='word_1_139' title='bbox 1092 2161 1174 2228; x_wconf 82' lang='lat' dir='ltr'><strong>egen</strong></span> 
     </span>
     <span class='ocr_line' id='line_1_21' title="bbox 127 2225 1172 2315; baseline 0.001 -22"><span class='ocrx_word' id='word_1_140' title='bbox 127 2247 212 2293; x_wconf 84' lang='lat' dir='ltr'><strong>snus</strong></span> <span class='ocrx_word' id='word_1_141' title='bbox 232 2226 376 2295; x_wconf 75' lang='lat' dir='ltr'><strong>insultus</strong></span> <span class='ocrx_word' id='word_1_142' title='bbox 393 2231 541 2315; x_wconf 82' lang='lat' dir='ltr'><strong>jaceret,</strong></span> <span class='ocrx_word' id='word_1_143' title='bbox 564 2249 585 2294; x_wconf 87' lang='lat' dir='ltr'><strong>a</strong></span> <span class='ocrx_word' id='word_1_144' title='bbox 607 2225 729 2313; x_wconf 83' lang='lat' dir='ltr'><strong>populo</strong></span> <span class='ocrx_word' id='word_1_145' title='bbox 752 2227 974 2311; x_wconf 84' lang='lat' dir='ltr'><strong>quaesivisse,</strong></span> <span class='ocrx_word' id='word_1_146' title='bbox 994 2238 1032 2294; x_wconf 90' lang='lat' dir='ltr'><strong>ut</strong></span> <span class='ocrx_word' id='word_1_147' title='bbox 1051 2228 1095 2294; x_wconf 87' lang='lat' dir='ltr'><strong>ab</strong></span> <span class='ocrx_word' id='word_1_148' title='bbox 1116 2249 1172 2294; x_wconf 83' lang='lat' dir='ltr'><strong>ex·</strong></span> 
     </span>
     <span class='ocr_line' id='line_1_22' title="bbox 124 2311 1173 2391; baseline 0.001 -13"><span class='ocrx_word' id='word_1_149' title='bbox 124 2313 232 2378; x_wconf 83' lang='lat' dir='ltr'><strong>ereitu</strong></span> <span class='ocrx_word' id='word_1_150' title='bbox 260 2313 381 2378; x_wconf 83' lang='lat' dir='ltr'><strong>abesse</strong></span> <span class='ocrx_word' id='word_1_151' title='bbox 402 2314 465 2378; x_wconf 82' lang='lat' dir='ltr'><strong>sibi</strong></span> <span class='ocrx_word' id='word_1_152' title='bbox 492 2311 626 2390; x_wconf 78' lang='lat' dir='ltr'><strong>liceret,</strong></span> <span class='ocrx_word' id='word_1_153' title='bbox 657 2322 786 2377; x_wconf 82' lang='lat' dir='ltr'><strong>constat</strong></span> <span class='ocrx_word' id='word_1_154' title='bbox 800 2316 871 2391; x_wconf 83' lang='lat'><strong>⁴))‚</strong></span> <span class='ocrx_word' id='word_1_155' title='bbox 893 2333 998 2378; x_wconf 85' lang='lat' dir='ltr'><strong>naves</strong></span> <span class='ocrx_word' id='word_1_156' title='bbox 1020 2312 1173 2379; x_wconf 79' lang='lat' dir='ltr'><strong>conferre</strong></span> 
     </span>
     <span class='ocr_line' id='line_1_23' title="bbox 124 2395 1172 2480; baseline 0.001 -16"><span class='ocrx_word' id='word_1_157' title='bbox 124 2417 189 2464; x_wconf 84' lang='lat' dir='ltr'><strong>suo</strong></span> <span class='ocrx_word' id='word_1_158' title='bbox 212 2407 319 2460; x_wconf 87' lang='lat' dir='ltr'><strong>sumtu</strong></span> <span class='ocrx_word' id='word_1_159' title='bbox 340 2395 395 2462; x_wconf 88' lang='lat' dir='ltr'><strong>vel</strong></span> <span class='ocrx_word' id='word_1_160' title='bbox 415 2396 480 2480; x_wconf 87' lang='lat' dir='ltr'><strong>ipsi</strong></span> <span class='ocrx_word' id='word_1_161' title='bbox 502 2395 558 2461; x_wconf 85' lang='lat' dir='ltr'><strong>vel</strong></span> <span class='ocrx_word' id='word_1_162' title='bbox 585 2395 727 2460; x_wconf 83' lang='lat' dir='ltr'><strong>heredes</strong></span> <span class='ocrx_word' id='word_1_163' title='bbox 748 2398 961 2477; x_wconf 77' lang='lat' dir='ltr'><strong>cogebantur.</strong></span> <span class='ocrx_word' id='word_1_164' title='bbox 1006 2395 1172 2466; x_wconf 80' lang='lat' dir='ltr'><strong>Pereundl</strong></span> 
     </span>
     <span class='ocr_line' id='line_1_24' title="bbox 123 2479 1263 2562; baseline 0.001 -14"><span class='ocrx_word' id='word_1_165' title='bbox 123 2489 235 2548; x_wconf 89' lang='lat' dir='ltr'><strong>autem</strong></span> <span class='ocrx_word' id='word_1_166' title='bbox 255 2481 390 2546; x_wconf 86' lang='lat' dir='ltr'><strong>verbum</strong></span> <span class='ocrx_word' id='word_1_167' title='bbox 412 2481 454 2546; x_wconf 89' lang='lat' dir='ltr'><strong>de</strong></span> <span class='ocrx_word' id='word_1_168' title='bbox 474 2479 515 2544; x_wconf 92' lang='lat' dir='ltr'><strong>iis</strong></span> <span class='ocrx_word' id='word_1_169' title='bbox 544 2479 713 2556; x_wconf 83' lang='lat' dir='ltr'><strong>adhiberi,</strong></span> <span class='ocrx_word' id='word_1_170' title='bbox 742 2479 798 2562; x_wconf 87' lang='lat' dir='ltr'><strong>qui</strong></span> <span class='ocrx_word' id='word_1_171' title='bbox 818 2491 1020 2546; x_wconf 76' lang='lat' dir='ltr'><strong>evanuerunt</strong></span> <span class='ocrx_word' id='word_1_172' title='bbox 1040 2481 1113 2561; x_wconf 83' lang='lat' dir='ltr'><strong>vel,</strong></span> <span class='ocrx_word' id='word_1_173' title='bbox 1135 2495 1172 2548; x_wconf 86' lang='lat' dir='ltr'><strong>ut</strong></span> <span class='ocrx_word' id='word_1_174' title='bbox 1261 2526 1263 2531; x_wconf 88' lang='lat'><em>·</em></span> 
     </span>
     <span class='ocr_line' id='line_1_25' title="bbox 125 2563 1171 2654; baseline 0 -22"><span class='ocrx_word' id='word_1_175' title='bbox 125 2586 192 2632; x_wconf 89' lang='lat' dir='ltr'><strong>nos</strong></span> <span class='ocrx_word' id='word_1_176' title='bbox 213 2565 324 2632; x_wconf 79' lang='lat' dir='ltr'><strong>dicere</strong></span> <span class='ocrx_word' id='word_1_177' title='bbox 343 2563 487 2632; x_wconf 87' lang='lat' dir='ltr'><strong>solemus</strong></span> <span class='ocrx_word' id='word_1_178' title='bbox 509 2565 564 2632; x_wconf 84' lang='lat' dir='ltr'><strong>die</strong></span> <span class='ocrx_word' id='word_1_179' title='bbox 583 2563 787 2630; x_wconf 78' lang='lat' dir='ltr'><strong>nerselollen</strong></span> <span class='ocrx_word' id='word_1_180' title='bbox 806 2563 899 2644; x_wconf 73' lang='lat' dir='ltr'><strong>sinu,</strong></span> <span class='ocrx_word' id='word_1_181' title='bbox 920 2565 1031 2652; x_wconf 84' lang='lat' dir='ltr'><strong>itaque</strong></span> <span class='ocrx_word' id='word_1_182' title='bbox 1051 2567 1171 2654; x_wconf 78' lang='lat' dir='ltr'><strong>eapitis</strong></span> 
     </span>
     <span class='ocr_line' id='line_1_26' title="bbox 128 2651 851 2737; baseline -0.004 -19"><span class='ocrx_word' id='word_1_183' title='bbox 128 2651 382 2720; x_wconf 81' lang='lat' dir='ltr'><strong>deminutionem</strong></span> <span class='ocrx_word' id='word_1_184' title='bbox 403 2651 592 2737; x_wconf 82' lang='lat' dir='ltr'><strong>patiuntur,</strong></span> <span class='ocrx_word' id='word_1_185' title='bbox 612 2660 725 2716; x_wconf 87' lang='lat' dir='ltr'><strong>netum</strong></span> <span class='ocrx_word' id='word_1_186' title='bbox 745 2652 851 2733; x_wconf 83' lang='lat' dir='ltr'><strong>est⁵).</strong></span> 
     </span>
    </p>
   </div>
   <div class='ocr_carea' id='block_1_7' title="bbox 542 2793 749 2813">
    <p class='ocr_par' dir='ltr' id='par_1_7' title="bbox 542 2793 749 2813">
     <span class='ocr_line' id='line_1_27' title="bbox 542 2793 749 2813; baseline -0.01 -3"><span class='ocrx_word' id='word_1_187' title='bbox 542 2793 749 2813; x_wconf 53' lang='lat' dir='ltr'><em>W</em></span> 
     </span>
    </p>
   </div>
   <div class='ocr_carea' id='block_1_8' title="bbox 435 2919 956 3116">
    <p class='ocr_par' dir='ltr' id='par_1_8' title="bbox 435 2919 956 3116">
     <span class='ocr_line' id='line_1_28' title="bbox 435 2919 956 3016; baseline 0 -26"><span class='ocrx_word' id='word_1_188' title='bbox 435 2922 634 3016; x_wconf 75' lang='lat' dir='ltr'><strong>unguenta</strong></span> <span class='ocrx_word' id='word_1_189' title='bbox 658 2919 726 2990; x_wconf 86' lang='lat' dir='ltr'><strong>iibri</strong></span> <span class='ocrx_word' id='word_1_190' title='bbox 752 2922 859 3012; x_wconf 73' lang='lat' dir='ltr'><strong>quinti·</strong></span> <span class='ocrx_word' id='word_1_191' title='bbox 954 2953 956 2962; x_wconf 38' lang='lat' dir='ltr'>v</span> 
     </span>
     <span class='ocr_line' id='line_1_29' title="bbox 627 3046 656 3116; baseline 0.069 -2"><span class='ocrx_word' id='word_1_192' title='bbox 627 3046 656 3116; x_wconf 90' lang='lat'><strong>1.</strong></span> 
     </span>
    </p>
   </div>
   <div class='ocr_carea' id='block_1_9' title="bbox 98 3131 1167 3606">
    <p class='ocr_par' dir='ltr' id='par_1_9' title="bbox 98 3131 1167 3606">
     <span class='ocr_line' id='line_1_30' title="bbox 98 3131 1167 3244; baseline -0.005 -17"><span class='ocrx_word' id='word_1_193' title='bbox 98 3131 102 3148; x_wconf 39' lang='grc' dir='ltr'>Ι</span> <span class='ocrx_word' id='word_1_194' title='bbox 207 3157 463 3244; x_wconf 63' lang='lat' dir='ltr'><strong>Priscianus-n:</strong></span> <span class='ocrx_word' id='word_1_195' title='bbox 496 3178 578 3226; x_wconf 83' lang='lat' dir='ltr'><strong>acer</strong></span> <span class='ocrx_word' id='word_1_196' title='bbox 598 3164 631 3224; x_wconf 84' lang='lat' dir='ltr'><strong>et</strong></span> <span class='ocrx_word' id='word_1_197' title='bbox 657 3159 793 3238; x_wconf 75' lang='lat' dir='ltr'><strong>alacer,</strong></span> <span class='ocrx_word' id='word_1_198' title='bbox 822 3153 955 3223; x_wconf 83' lang='lat' dir='ltr'><strong>saluber</strong></span> <span class='ocrx_word' id='word_1_199' title='bbox 981 3164 1014 3224; x_wconf 87' lang='lat' dir='ltr'><strong>el</strong></span> <span class='ocrx_word' id='word_1_200' title='bbox 1043 3155 1167 3224; x_wconf 82' lang='lat' dir='ltr'><strong>celeber</strong></span> 
     </span>
     <span class='ocr_line' id='line_1_31' title="bbox 122 3241 1167 3330; baseline -0.005 -19"><span class='ocrx_word' id='word_1_201' title='bbox 122 3246 297 3312; x_wconf 77' lang='lat' dir='ltr'><strong>eommunis</strong></span> <span class='ocrx_word' id='word_1_202' title='bbox 317 3245 414 3306; x_wconf 61' lang='lat' dir='ltr'><strong>mum</strong></span> <span class='ocrx_word' id='word_1_203' title='bbox 431 3247 563 3330; x_wconf 65' lang='lat' dir='ltr'><strong>ymetus</strong></span> <span class='ocrx_word' id='word_1_204' title='bbox 592 3245 805 3310; x_wconf 83' lang='lat' dir='ltr'><strong>inueniuntur</strong></span> <span class='ocrx_word' id='word_1_205' title='bbox 823 3243 971 3326; x_wconf 77' lang='lat' dir='ltr'><strong>prolata.</strong></span> <span class='ocrx_word' id='word_1_206' title='bbox 1019 3241 1167 3307; x_wconf 73' lang='lat' dir='ltr'><strong>Naeuius</strong></span> 
     </span>
     <span class='ocr_line' id='line_1_32' title="bbox 120 3327 582 3398; baseline -0.004 -2"><span class='ocrx_word' id='word_1_207' title='bbox 120 3335 157 3396; x_wconf 84' lang='lat' dir='ltr'><strong>in</strong></span> <span class='ocrx_word' id='word_1_208' title='bbox 177 3331 321 3398; x_wconf 81' lang='lat' dir='ltr'><strong>carmine</strong></span> <span class='ocrx_word' id='word_1_209' title='bbox 341 3327 419 3394; x_wconf 83' lang='lat' dir='ltr'><strong>belli</strong></span> <span class='ocrx_word' id='word_1_210' title='bbox 443 3329 582 3394; x_wconf 81' lang='lat' dir='ltr'><strong>Punici:</strong></span> 
     </span>
     <span class='ocr_line' id='line_1_33' title="bbox 356 3434 771 3518; baseline -0.012 -15"><span class='ocrx_word' id='word_1_211' title='bbox 356 3434 358 3438; x_wconf 35' lang='lat'><strong><em>¹</em></strong></span> <span class='ocrx_word' id='word_1_212' title='bbox 571 3437 676 3518; x_wconf 75' lang='lat' dir='ltr'><strong>fames</strong></span> <span class='ocrx_word' id='word_1_213' title='bbox 696 3439 771 3500; x_wconf 71' lang='lat' dir='ltr'><strong>dcet</strong></span> 
     </span>
     <span class='ocr_line' id='line_1_34' title="bbox 247 3527 562 3606; baseline -0.013 -18"><span class='ocrx_word' id='word_1_214' title='bbox 247 3527 391 3606; x_wconf 62' lang='lat' dir='ltr'><strong>auffescil</strong></span> <span class='ocrx_word' id='word_1_215' title='bbox 413 3527 562 3589; x_wconf 65' lang='lat' dir='ltr'><strong>hostibus.</strong></span> 
     </span>
    </p>
   </div>
   <div class='ocr_carea' id='block_1_10' title="bbox 115 3690 1233 4374">
    <p class='ocr_par' dir='ltr' id='par_1_10' title="bbox 115 3690 1233 4374">
     <span class='ocr_line' id='line_1_35' title="bbox 187 3690 1167 3771; baseline -0.01 -16"><span class='ocrx_word' id='word_1_216' title='bbox 187 3701 217 3771; x_wconf 90' lang='lat' dir='ltr'><strong>l)</strong></span> <span class='ocrx_word' id='word_1_217' title='bbox 236 3698 278 3754; x_wconf 79' lang='lat' dir='ltr'><strong>ad</strong></span> <span class='ocrx_word' id='word_1_218' title='bbox 304 3696 387 3752; x_wconf 68' lang='grc' dir='ltr'><strong>γαπ.</strong></span> <span class='ocrx_word' id='word_1_219' title='bbox 411 3695 470 3752; x_wconf 83' lang='lat' dir='ltr'><strong>vn.</strong></span> <span class='ocrx_word' id='word_1_220' title='bbox 493 3697 537 3752; x_wconf 77' lang='lat'><strong>2³.</strong></span> <span class='ocrx_word' id='word_1_221' title='bbox 586 3691 760 3766; x_wconf 72' lang='lat' dir='ltr'><strong>mutuum.</strong></span> <span class='ocrx_word' id='word_1_222' title='bbox 785 3690 884 3749; x_wconf 80' lang='lat' dir='ltr'><strong>xxnt</strong></span> <span class='ocrx_word' id='word_1_223' title='bbox 911 3693 962 3749; x_wconf 83' lang='lat' dir='ltr'><strong>eel.</strong></span> <span class='ocrx_word' id='word_1_224' title='bbox 988 3691 1030 3749; x_wconf 73' lang='lat' dir='ltr'><strong>ll.</strong></span> <span class='ocrx_word' id='word_1_225' title='bbox 1084 3690 1113 3760; x_wconf 84' lang='grc'><strong>3)</strong></span> <span class='ocrx_word' id='word_1_226' title='bbox 1131 3692 1167 3746; x_wconf 82' lang='lat' dir='ltr'><strong>de</strong></span> 
     </span>
     <span class='ocr_line' id='line_1_36' title="bbox 119 3772 1166 3854; baseline -0.012 -14"><span class='ocrx_word' id='word_1_227' title='bbox 119 3785 173 3840; x_wconf 71' lang='lat' dir='ltr'><strong>leue</strong></span> <span class='ocrx_word' id='word_1_228' title='bbox 196 3782 284 3854; x_wconf 67' lang='lat' dir='ltr'><strong>lentim</strong></span> <span class='ocrx_word' id='word_1_229' title='bbox 305 3781 387 3838; x_wconf 77' lang='lat' dir='ltr'><strong>verli</strong></span> <span class='ocrx_word' id='word_1_230' title='bbox 409 3798 463 3839; x_wconf 79' lang='lat' dir='ltr'><strong>um</strong></span> <span class='ocrx_word' id='word_1_231' title='bbox 489 3782 529 3854; x_wconf 78' lang='lat' dir='ltr'><strong>ef.</strong></span> <span class='ocrx_word' id='word_1_232' title='bbox 545 3795 603 3838; x_wconf 80' lang='lat' dir='ltr'><strong>nan</strong></span> <span class='ocrx_word' id='word_1_233' title='bbox 631 3775 773 3836; x_wconf 71' lang='lat' dir='ltr'><strong>semeron</strong></span> <span class='ocrx_word' id='word_1_234' title='bbox 789 3779 830 3833; x_wconf 80' lang='lat' dir='ltr'><strong>ud</strong></span> <span class='ocrx_word' id='word_1_235' title='bbox 849 3777 932 3832; x_wconf 77' lang='lat' dir='ltr'><strong>com.</strong></span> <span class='ocrx_word' id='word_1_236' title='bbox 951 3773 1024 3847; x_wconf 81' lang='lat' dir='ltr'><strong>Nep·</strong></span> <span class='ocrx_word' id='word_1_237' title='bbox 1043 3772 1166 3830; x_wconf 81' lang='lat' dir='ltr'><strong>Ducum·</strong></span> 
     </span>
     <span class='ocr_line' id='line_1_37' title="bbox 117 3853 1166 3934; baseline -0.011 -10"><span class='ocrx_word' id='word_1_238' title='bbox 117 3853 189 3925; x_wconf 75' lang='lat' dir='ltr'><strong>v&#39;m.</strong></span> <span class='ocrx_word' id='word_1_239' title='bbox 209 3869 240 3934; x_wconf 73' lang='lat'><strong>¹³</strong></span> <span class='ocrx_word' id='word_1_240' title='bbox 262 3867 346 3924; x_wconf 71' lang='lat' dir='ltr'><strong>nore</strong></span> <span class='ocrx_word' id='word_1_241' title='bbox 363 3868 404 3924; x_wconf 77' lang='lat' dir='ltr'><strong>aa</strong></span> <span class='ocrx_word' id='word_1_242' title='bbox 420 3869 528 3926; x_wconf 69' lang='lat' dir='ltr'><strong>mean.</strong></span> <span class='ocrx_word' id='word_1_243' title='bbox 547 3865 580 3922; x_wconf 89' lang='lat' dir='ltr'><strong>n.</strong></span> <span class='ocrx_word' id='word_1_244' title='bbox 598 3865 657 3920; x_wconf 78' lang='lat' dir='ltr'><strong>uu.</strong></span> <span class='ocrx_word' id='word_1_245' title='bbox 716 3862 746 3931; x_wconf 81' lang='lat' dir='ltr'><strong>t)</strong></span> <span class='ocrx_word' id='word_1_246' title='bbox 764 3861 824 3917; x_wconf 75' lang='lat' dir='ltr'><strong>nm</strong></span> <span class='ocrx_word' id='word_1_247' title='bbox 840 3859 919 3933; x_wconf 68' lang='lat' dir='ltr'><strong>spu</strong></span> <span class='ocrx_word' id='word_1_248' title='bbox 936 3857 1043 3927; x_wconf 76' lang='lat' dir='ltr'><strong>xvim</strong></span> <span class='ocrx_word' id='word_1_249' title='bbox 1061 3856 1166 3916; x_wconf 66' lang='lat' dir='ltr'><strong>aaran</strong></span> 
     </span>
     <span class='ocr_line' id='line_1_38' title="bbox 119 3938 1167 4026; baseline -0.012 -15"><span class='ocrx_word' id='word_1_250' title='bbox 119 3954 176 4011; x_wconf 82' lang='lat' dir='ltr'><strong>Od.</strong></span> <span class='ocrx_word' id='word_1_251' title='bbox 191 3953 237 4010; x_wconf 86' lang='lat'>111.</span> <span class='ocrx_word' id='word_1_252' title='bbox 250 3955 276 4010; x_wconf 79' lang='grc'><strong>5.</strong></span> <span class='ocrx_word' id='word_1_253' title='bbox 287 3952 332 4018; x_wconf 77' lang='grc'><strong>38,</strong></span> <span class='ocrx_word' id='word_1_254' title='bbox 349 3957 400 4026; x_wconf 75' lang='lat' dir='ltr'><strong>qul</strong></span> <span class='ocrx_word' id='word_1_255' title='bbox 415 3955 495 4011; x_wconf 79' lang='lat' dir='ltr'><strong>luente</strong></span> <span class='ocrx_word' id='word_1_256' title='bbox 510 3953 565 4010; x_wconf 77' lang='lat' dir='ltr'><strong>loe</strong></span> <span class='ocrx_word' id='word_1_257' title='bbox 580 3949 667 4006; x_wconf 81' lang='lat' dir='ltr'><strong>medo</strong></span> <span class='ocrx_word' id='word_1_258' title='bbox 683 3938 873 4022; x_wconf 69' lang='lat' dir='ltr'><strong>suplicamine</strong></span> <span class='ocrx_word' id='word_1_259' title='bbox 889 3950 949 4009; x_wconf 79' lang='lat' dir='ltr'><strong>eet,-</strong></span> <span class='ocrx_word' id='word_1_260' title='bbox 972 3941 1066 4001; x_wconf 76' lang='lat' dir='ltr'><strong>l&#39;ulem</strong></span> <span class='ocrx_word' id='word_1_261' title='bbox 1082 3941 1167 4001; x_wconf 73' lang='lat' dir='ltr'><strong>Mau.</strong></span> 
     </span>
     <span class='ocr_line' id='line_1_39' title="bbox 116 4028 1169 4107; baseline -0.009 -12"><span class='ocrx_word' id='word_1_262' title='bbox 116 4040 164 4096; x_wconf 85' lang='lat' dir='ltr'><strong>lV.</strong></span> <span class='ocrx_word' id='word_1_263' title='bbox 181 4041 207 4094; x_wconf 83' lang='lat' dir='ltr'><strong>t.</strong></span> <span class='ocrx_word' id='word_1_264' title='bbox 225 4039 252 4095; x_wconf 74' lang='grc' dir='ltr'><strong>θ.</strong></span> <span class='ocrx_word' id='word_1_265' title='bbox 302 4039 333 4107; x_wconf 78' lang='lat' dir='ltr'><strong>t&gt;</strong></span> <span class='ocrx_word' id='word_1_266' title='bbox 351 4037 473 4094; x_wconf 77' lang='lat' dir='ltr'><strong>Fureell.</strong></span> <span class='ocrx_word' id='word_1_267' title='bbox 492 4038 576 4095; x_wconf 75' lang='lat' dir='ltr'><strong>lenio.</strong></span> <span class='ocrx_word' id='word_1_268' title='bbox 592 4054 616 4092; x_wconf 82' lang='lat' dir='ltr'><strong>s.</strong></span> <span class='ocrx_word' id='word_1_269' title='bbox 633 4033 662 4092; x_wconf 69' lang='lat' dir='ltr'><strong>lt</strong></span> <span class='ocrx_word' id='word_1_270' title='bbox 678 4051 716 4100; x_wconf 82' lang='lat' dir='ltr'><strong>m,</strong></span> <span class='ocrx_word' id='word_1_271' title='bbox 740 4033 790 4104; x_wconf 67' lang='lat' dir='ltr'><strong>nul</strong></span> <span class='ocrx_word' id='word_1_272' title='bbox 807 4029 950 4086; x_wconf 76' lang='lat' dir='ltr'><strong>Plautum</strong></span> <span class='ocrx_word' id='word_1_273' title='bbox 965 4031 1048 4096; x_wconf 81' lang='lat' dir='ltr'><strong>ellat,</strong></span> <span class='ocrx_word' id='word_1_274' title='bbox 1073 4028 1169 4088; x_wconf 72' lang='lat' dir='ltr'><strong>tonus</strong></span> 
     </span>
     <span class='ocr_line' id='line_1_40' title="bbox 115 4111 1166 4196; baseline -0.012 -15"><span class='ocrx_word' id='word_1_275' title='bbox 115 4142 184 4182; x_wconf 79' lang='lat' dir='ltr'><strong>nere</strong></span> <span class='ocrx_word' id='word_1_276' title='bbox 200 4127 309 4180; x_wconf 73' lang='lat' dir='ltr'><strong>maire</strong></span> <span class='ocrx_word' id='word_1_277' title='bbox 324 4121 357 4178; x_wconf 80' lang='lat' dir='ltr'><strong>ee&#39;</strong></span> <span class='ocrx_word' id='word_1_278' title='bbox 372 4120 497 4192; x_wconf 72' lang='lat' dir='ltr'><strong>salutm,</strong></span> <span class='ocrx_word' id='word_1_279' title='bbox 519 4127 569 4196; x_wconf 74' lang='lat' dir='ltr'><strong>qut</strong></span> <span class='ocrx_word' id='word_1_280' title='bbox 593 4130 636 4180; x_wconf 71' lang='lat' dir='ltr'><strong>em</strong></span> <span class='ocrx_word' id='word_1_281' title='bbox 664 4120 748 4193; x_wconf 65' lang='grc' dir='ltr'><strong>(ἔαρι.</strong></span> <span class='ocrx_word' id='word_1_282' title='bbox 765 4115 812 4172; x_wconf 86' lang='lat'>111.</span> <span class='ocrx_word' id='word_1_283' title='bbox 830 4116 857 4170; x_wconf 78' lang='lat' dir='ltr'><strong>l.</strong></span> <span class='ocrx_word' id='word_1_284' title='bbox 873 4115 907 4181; x_wconf 65' lang='grc' dir='ltr'><strong>ὃς</strong></span> <span class='ocrx_word' id='word_1_285' title='bbox 933 4113 1002 4170; x_wconf 75' lang='lat' dir='ltr'><strong>aud.</strong></span> <span class='ocrx_word' id='word_1_286' title='bbox 1023 4114 1115 4170; x_wconf 74' lang='lat' dir='ltr'><strong>Poem</strong></span> <span class='ocrx_word' id='word_1_287' title='bbox 1132 4111 1166 4168; x_wconf 83' lang='lat' dir='ltr'><strong>V.</strong></span> 
     </span>
     <span class='ocr_line' id='line_1_41' title="bbox 115 4194 1233 4280; baseline -0.015 -14"><span class='ocrx_word' id='word_1_288' title='bbox 115 4213 141 4266; x_wconf 72' lang='lat'><strong>2.</strong></span> <span class='ocrx_word' id='word_1_289' title='bbox 162 4209 228 4280; x_wconf 77' lang='lat'><strong>1153</strong></span> <span class='ocrx_word' id='word_1_290' title='bbox 246 4208 280 4262; x_wconf 87' lang='lat' dir='ltr'><strong>V.</strong></span> <span class='ocrx_word' id='word_1_291' title='bbox 297 4209 323 4262; x_wconf 90' lang='grc'><strong>7.</strong></span> <span class='ocrx_word' id='word_1_292' title='bbox 340 4209 374 4266; x_wconf 75' lang='lat'><strong>53</strong></span> <span class='ocrx_word' id='word_1_293' title='bbox 388 4206 468 4262; x_wconf 80' lang='lat' dir='ltr'><strong>Rud-</strong></span> <span class='ocrx_word' id='word_1_294' title='bbox 481 4210 560 4280; x_wconf 82' lang='lat' dir='ltr'><strong>prol.</strong></span> <span class='ocrx_word' id='word_1_295' title='bbox 576 4208 620 4266; x_wconf 78' lang='grc'><strong>39.</strong></span> <span class='ocrx_word' id='word_1_296' title='bbox 677 4202 874 4276; x_wconf 70' lang='lat' dir='ltr'><strong>ntprnum</strong></span> <span class='ocrx_word' id='word_1_297' title='bbox 890 4198 924 4252; x_wconf 83' lang='lat' dir='ltr'><strong>V.</strong></span> <span class='ocrx_word' id='word_1_298' title='bbox 942 4198 967 4254; x_wconf 78' lang='lat'><strong>3.</strong></span> <span class='ocrx_word' id='word_1_299' title='bbox 982 4214 1053 4272; x_wconf 72' lang='lat' dir='ltr'><strong>pay.</strong></span> <span class='ocrx_word' id='word_1_300' title='bbox 1073 4194 1123 4251; x_wconf 80' lang='lat'><strong>179</strong></span> <span class='ocrx_word' id='word_1_301' title='bbox 1140 4201 1169 4250; x_wconf 78' lang='lat' dir='ltr'><strong>el</strong></span> <span class='ocrx_word' id='word_1_302' title='bbox 1230 4210 1233 4220; x_wconf 59' lang='lat'>¹</span> 
     </span>
     <span class='ocr_line' id='line_1_42' title="bbox 118 4290 543 4374; baseline -0.002 -26"><span class='ocrx_word' id='word_1_303' title='bbox 118 4293 167 4348; x_wconf 88' lang='lat' dir='ltr'><strong>Vl.</strong></span> <span class='ocrx_word' id='word_1_304' title='bbox 185 4295 211 4348; x_wconf 89' lang='grc'><strong>7.</strong></span> <span class='ocrx_word' id='word_1_305' title='bbox 225 4310 298 4368; x_wconf 66' lang='grc' dir='ltr'><strong>Μ.</strong></span> <span class='ocrx_word' id='word_1_306' title='bbox 314 4291 374 4349; x_wconf 73' lang='lat' dir='ltr'><strong>nte.</strong></span> <span class='ocrx_word' id='word_1_307' title='bbox 393 4290 492 4348; x_wconf 75' lang='lat' dir='ltr'><strong>Krelel·</strong></span> <span class='ocrx_word' id='word_1_308' title='bbox 529 4365 543 4374; x_wconf 64' lang='lat'><strong><em>„</em></strong></span> 
     </span>
    </p>
   </div>
   <div class='ocr_carea' id='block_1_11' title="bbox 0 0 1450 4948">
    <p class='ocr_par' dir='ltr' id='par_1_11' title="bbox 0 0 1450 4948">
     <span class='ocr_line' id='line_1_43' title="bbox 0 0 1450 4948; baseline 0 7"><span class='ocrx_word' id='word_1_309' title='bbox 0 0 1450 4948; x_wconf 95' lang='lat' dir='ltr'><strong> </strong></span> 
     </span>
    </p>
   </div>
  </div>
 </body>
</html>
