2864 4944
504 389 757 469 ...al-5...

188 571 327 648 Qneen't
346 571 511 638 lirensins
524 575 570 653 ¹),
595 572 686 638 'sitne
707 571 885 640 tensione
903 589 965 639 nee
987 591 1046 652 ne,
1069 567 1153 638 liae·

104 660 210 736 vinm‚
241 668 277 722 nt
306 655 435 724 Livium
457 669 491 724 et
518 659 725 734 Ennium),
754 659 883 724 Romae
912 661 1075 724 Graecam
1095 657 1153 722 lin·

106 765 206 826 Quin
228 743 389 809 doouisse.
434 744 511 808 Non
541 743 671 822 docuit,
701 765 775 808 enm
806 746 889 810 civis
912 744 1081 809 Romanus
1102 763 1152 806 es·

106 840 158 894 set
179 830 349 911 ingennus.
394 828 463 894 Sed
485 849 528 894 ne
549 828 627 892 illud
651 831 780 914 quidem
802 841 926 896 certum
950 843 1012 910 est,
1028 829 1153 894 Livium

105 927 138 979 et
160 915 302 978 Ennium
322 915 454 980 Graeca
476 915 631 980 docuisse
646 921 688 996 ³).

194 999 387 1081 Blurninst)
420 1001 544 1082 primns
577 1001 692 1064 mirum
725 997 889 1084 quoddam
922 1011 954 1066 et
988 1001 1154 1064 diversum

106 1087 138 1149 in
161 1084 288 1148 Naevio
311 1096 344 1150 et
367 1087 471 1149 Ennio
493 1085 634 1150 studium
656 1085 790 1160 invenit,
813 1105 877 1170 qno
900 1084 956 1150 ille
977 1086 1151 1170 plebejam.

106 1171 161 1234 nio
190 1171 361 1252 patriotam
392 1182 517 1253 panem
547 1169 683 1234 foveret.
731 1169 780 1234 lle
801 1171 905 1235 Ennio
929 1172 1037 1235 omnia
1063 1181 1152 1234 note.

107 1257 266 1320 Naevium
289 1267 398 1319 etitem
418 1255 451 1318 in
470 1254 645 1338 Scipiones
667 1265 700 1319 et
714 1253 879 1334 Metellos,
902 1256 956 1340 qui
978 1267 1044 1319 tum
1067 1257 1152 1338 prin·

108 1343 201 1423 cipes
235 1340 377 1403 civitatis
410 1351 523 1417 erant,
555 1340 719 1404 invectum
752 1359 849 1417 esse,
885 1339 975 1404 multi
1008 1351 1153 1404 veterum

109 1424 175 1490 loci
201 1427 415 1504 testantur⁵).
461 1425 585 1490 Contra
613 1423 767 1488 Metellos
796 1426 881 1490 enim
911 1424 1000 1491 hune
1028 1425 1155 1510 praeei-

110 1531 175 1596 pue
197 1530 330 1576 versum
352 1511 509 1594 seriptum
533 1529 608 1574 esse
629 1519 782 1574 narrent:

239 1634 302 1692 tato
324 1634 440 1693 Melelli
463 1635 581 1694 Reimea
603 1633 682 1694 fiunt
704 1629 865 1710 Cdnsules,

114 1759 228 1816 eontra
249 1747 288 1812 P.
312 1748 501 1832 Scipionem
523 1747 715 1815 Africanum
737 1751 896 1835 mojorem
917 1745 1046 1828 hos⁶):

241 1873 330 1930 etiaim
354 1875 476 1947 quires
507 1874 633 1952 magmis
656 1891 748 1932 manu
772 1891 863 1948 saepe
892 1871 987 1950 ge'ssil
1017 1869 1160 1948 gloridse,

242 1957 332 2032 cujus
356 1959 439 2016 fiola
461 1960 527 2016 viva
551 1959 634 2016 mino
655 1959 777 2038 vigeni,
801 1959 852 2033 qui
876 1955 959 2032 apud
981 1958 1087 2036 gentes
1112 1974 1162 2014 so-

409 2043 457 2101 lus
480 2045 628 2120 miroslai,

243 2144 312 2184 eum
325 2126 398 2186 srins
411 2131 580 2204 pateream
592 2128 736 2206 pnllln—
752 2129 790 2186 ab
803 2127 899 2186 amica
912 2125 1035 2184 abduxit
1047 2123 1108 2182 rino
1120 2121 1163 2201 7).

115 2237 254 2326 Propter
283 2237 373 2304 illum
403 2253 511 2306 autem
540 2262 672 2308 versum
701 2241 748 2308 ita
774 2238 929 2306 Metellus
955 2238 1085 2304 Naevio
1106 2236 1165 2306 Su·

115 2325 225 2389 trunio
248 2337 351 2390 metro
374 2327 515 2393 minatus
535 2338 604 2394 est:

246 2447 362 2506 aaran
385 2450 498 2510 malum
518 2451 635 2511 netem
655 2450 767 2511 Naevio
788 2438 912 2528 poene.

116 2559 212 2624 Hune
252 2579 384 2626 versum
421 2562 465 2630 ad
501 2564 537 2628 P.
575 2562 763 2630 Cornelium
808 2564 1000 2648 Scipionem
1036 2557 1174 2633 Allien,

118 2667 194 2709 num
233 2647 390 2730 majorem
426 2649 608 2731 pertinere,
642 2671 704 2716 neo
734 2660 871 2734 propter
899 2648 1055 2723 oximum,
1086 2665 1169 2729 quas

119 2733 149 2795 ei
171 2729 317 2795 Naevius
348 2745 480 2812 praeter
504 2736 627 2815 probra
657 2732 773 2798 leudes
802 2733 930 2807 tribuit,
960 2732 1091 2795 dubium
1120 2727 1167 2791 ul·

119 2815 186 2880 lum
217 2835 293 2878 esse
322 2827 450 2897 potest,
481 2827 513 2878 et
536 2818 608 2897 ipse
631 2816 758 2881 Gellius
780 2827 938 2893 testatur,
966 2815 1022 2899 qni
1044 2813 1170 2894 Seipio-

120 2922 195 2965 nem
226 2898 469 2963 adolescentem
499 2899 590 2964 fame
618 2899 705 2964 hund
737 2903 868 2964 sineere
897 2900 1047 2979 luisse⁸)
1083 2899 1172 2978 dicit,

121 2986 280 3050 Naevium
303 2995 412 3048 nutem
435 2983 487 3048 his
512 2987 662 3050 versibus
687 3006 760 3050 enm
785 2985 916 3051 Valerio
940 2987 1075 3050 Antinte
1096 3003 1172 3047 son-

122 3073 193 3149 tire,
217 3071 283 3154 qui,
313 3070 580 3136 dissentientibus
602 3073 730 3156 quidem
754 3072 872 3136 deteris
896 3071 1113 3156 scriptoribus
1125 3071 1175 3152 9),

123 3159 321 3240 φιλογύνην
355 3175 434 3221 sese
461 3157 649 3240 Scipionem
680 3159 716 3222 in
743 3158 901 3242 Hispania
952 3177 1078 3242 noque,
1116 3153 1173 3218 ubi

122 3241 340 3326 pulcherrima
371 3241 434 3306 iste
462 3243 557 3324 virgo
578 3243 608 3307 ei
630 3243 865 3321 adduceretur,
895 3179 1084 3306 exlribnisse
1106 3259 1170 3302 me<

122 3327 247 3394 moriae
276 3325 463 3410 prodiderit.
507 3325 628 3392 Falsus
657 3327 756 3411 igitur
785 3339 836 3391 est
863 3325 993 3390 Merula
1006 3325 1079 3409 ¹⁰),
1107 3322 1173 3386 nos

122 3433 240 3478 versus
261 3412 304 3478 ad
326 3410 496 3495 Scipionis
515 3409 676 3478 Africani·
696 3413 832 3500 maj0ris
860 3419 987 3498 patrem
1008 3409 1181 3495 pertinere

142 3667 146 3672 ’
193 3660 220 3725 l)
240 3655 260 3712 1.
278 3657 298 3710 1.
312 3672 382 3729 paq.
401 3652 459 3710 118.
508 3651 538 3726 1)
557 3651 741 3729 Oudendorp.
758 3655 798 3714 od
814 3655 932 3714 &elom
949 3652 985 3712 ele
1000 3651 1132 3710 Gramen
1150 3648 1161 3706 1

123 3743 152 3811 3)
165 3740 264 3818 Osagtn
281 3741 358 3794 anal.
376 3744 439 3796 orit.
451 3757 522 3814 pap.
541 3743 579 3798 lu
624 3745 657 3814 1)
673 3743 693 3798 1.
709 3739 728 3796 l.
745 3759 813 3814 paq.
826 3741 930 3812 Mepq.
975 3737 1118 3805 Meleona„
1133 3731 1176 3790 ad

128 3828 217 3884 Cicer.
236 3825 345 3879 Verria.
359 3822 379 3878 1.
397 3823 443 3888 111;
466 3821 577 3882 Termi.
593 3825 691 3902 Maur.
705 3843 730 3880 o.
747 3825 815 3880 2515
831 3827 874 3882 etl·
889 3823 1077 3886 nonnanes
1095 3819 1182 3894 Mem,

136 3912 235 3968 Victor.
253 3897 323 3983 pop.
350 3905 395 3962 llll
417 3908 461 3961 ed.
484 3903 597 3979 Gaiss.,·
615 3908 694 3965 Mar.
714 3903 793 3965 Ptol.
808 3926 879 3983 pay.
897 3907 948 3963 181
968 3903 1079 3976 Gulusa
1105 3901 1175 3959 Am.

128 3996 279 4051 Fortunat.
292 4011 363 4066 pap.
379 3993 439 4047 314.
457 3996 487 4047 el
501 3992 553 4048 357
574 3993 666 4064 Geief.
713 3993 744 4067 6)
764 3991 872 4049 Gellius
889 3992 934 4047 Vl.
951 3993 977 4048 8·
994 3993 1020 4048 5..
1068 3991 1097 4059 7)
1111 3985 1179 4044 otti·

127 4075 384 4136 mumnooalolnm
401 4081 487 4132 metri
496 4080 597 4151 pratia
608 4075 703 4132 eedem
720 4087 835 4136 mutare
846 4079 938 4148 justif
953 4076 992 4145 ef.
1007 4075 1116 4148 frapm.
1133 4077 1176 4128 in·

131 4169 199 4218 em.
214 4179 286 4218 eom.
303 4162 347 4216 13.
394 4159 423 4229 8)
445 4159 538 4218 Valet.
555 4159 637 4215 Mne.
653 4151 699 4214 Vl.
714 4162 738 4216 7.
756 4162 768 4215 1
786 4168 815 4216 et
829 4159 855 4216 1.
870 4161 904 4230 1)
923 4159 1025 4234 Polyb.
1040 4159 1074 4214 X.
1095 4157 1134 4213 19.
1152 4159 1178 4229 3,

132 4245 163 4314 θ)
179 4245 240 4300 Llo.
259 4245 358 4300 xxvi.
375 4243 426 4314 503
445 4245 547 4319 Polyb.
564 4244 618 4300 lul.
628 4243 735 4310 petor.
752 4245 786 4302 ll.
803 4245 856 4318 045
873 4247 971 4304 Aurei.
993 4243 1061 4302 Vtot.
1077 4245 1114 4302 de
1127 4246 1180 4301 otte

132 4330 174 4386 nt.
192 4330 234 4386 te.
251 4330 277 4384 8.
332 4330 378 4402 10)
398 4331 416 4385 l.
435 4331 455 4385 Ι.
469 4349 541 4406 pop.
561 4329 617 4385 103.
