2864 4944
126 593 188 657 tn‘a
211 590 363 676 tulerunt,
385 591 611 676 depromtnm'i
655 590 811 668 Accedit,
836 593 940 679 qnod,
962 593 1097 678 Capuae
1120 609 1169 658 nr·

124 679 176 743 bis
205 676 336 743 incolas
369 675 553 762 Campanos
580 698 657 743 csse
686 680 809 757 dictos,
838 681 997 744 nerninem
1024 679 1169 762 ingit¹);

124 784 202 828 tram
225 763 266 827 dc
287 761 375 828 linea
397 763 628 847 superinducta
651 764 728 827 nihii
752 775 862 828 mouet
883 764 1081 829 Seiruettins.
1103 762 1170 828 Sed

125 847 202 928 iac,
232 848 320 913 hana
348 868 425 914 esse
453 849 697 932 inscriptionem
724 851 782 916 Cu.
811 849 956 915 Nuerius
982 849 1123 933 Campus
1139 857 1169 930 ²)

126 933 181 998 vel
210 933 409 1018 Campanus,
432 955 451 999 e
474 935 584 998 causis
613 945 720 1000 tamen
745 937 935 1017 praemissis
962 935 1006 998 ita
1036 955 1171 1014 censeo,

127 1029 255 1084 statuae
276 1019 323 1084 ilii
345 1041 366 1085 a
388 1019 458 1084 viro
482 1019 580 1084 dacto
602 1021 707 1086 seculi
726 1021 799 1085 XV.
821 1032 876 1085 ant
892 1019 966 1086 XVI
990 1020 1170 1105 Cartrpann,
1263 1083 1271 1102 ‚

127 1106 264 1169 seducto
293 1103 350 1170 itta
380 1126 440 1190 per
461 1103 559 1170 Gettti
589 1106 697 1171 locum
727 1105 1034 1191 supralaudatum,
1057 1118 1091 1170 ut
1114 1127 1170 1190 pa·

127 1191 209 1255 triae
231 1188 336 1274 gloria
357 1201 542 1273 augeretur,
564 1211 679 1256 nomeu
698 1191 812 1256 Naevii
833 1193 1024 1274 inscriptum
1046 1211 1121 1256 esse
1135 1228 1170 1238 -·

128 1297 225 1361 quam
249 1277 441 1340 sententiam
471 1277 516 1340 ita
540 1277 747 1360 amplectitur
771 1277 971 1354 struamus,
1000 1289 1035 1341 ut
1064 1276 1170 1361 hujus,
1230 1334 1234 1342 ,

128 1362 157 1424 si
187 1360 250 1424 diis
280 1359 408 1445 piacet,
440 1361 528 1424 docti
559 1362 619 1425 viri
645 1361 771 1448 judicio
804 1383 897 1427 suam
929 1383 997 1426 rem
1029 1364 1171 1446 probare

128 1441 275 1523 studeat,
297 1447 384 1530 quod
407 1455 543 1532 apparet
573 1468 669 1530 quam
701 1446 744 1511 sit
765 1448 835 1511 vira
858 1447 971 1510 critico
992 1447 1170 1530 iudignum.

128 1531 242 1616 itaque
265 1553 337 1596 oum
359 1529 445 1595 haec
466 1529 626 1596 Schuettii
647 1543 837 1615 argumenta
863 1531 1074 1615 fragilissima
1096 1543 1172 1595 sunt

128 1635 235 1700 raeque
270 1616 445 1701 quidquam
478 1617 638 1700 probant,
672 1629 739 1682 tum
769 1619 916 1694 tertium,
948 1620 1034 1702 quod
1064 1618 1172 1695 affert,

129 1703 326 1766 cautran‘um
363 1721 496 1778 eoruru,
535 1723 620 1786 quae
653 1703 729 1767 inde
765 1701 932 1768 eorucindit
969 1705 1171 1787 cornprobat.

128 1787 246 1852 Cicero
264 1791 295 1868 3)
323 1789 426 1852 enimc
449 1808 515 1872 qam
543 1807 598 1866 re,
629 1789 694 1867 ait,
723 1809 793 1853 ctam
821 1791 862 1853 sit
891 1789 1051 1874 quaedam
1079 1797 1172 1852 certo

129 1891 192 1940 trau
225 1873 366 1938 Renmui
391 1875 523 1959 pencris
556 1873 707 1959 nudisque
735 1877 898 1958 propria,
928 1877 962 1938 in
996 1895 1062 1960 qua
1090 1873 1174 1938 uidit

129 1959 274 2046 offendi,
303 1959 384 2022 uidit
413 1960 607 2042 displicere,
635 1960 717 2024 nihii
737 1961 954 2028 artiruadeerti
972 1962 1097 2044 possit,
1123 1961 1170 2023 ni·

128 2045 177 2110 tat
203 2063 324 2108 sonare
352 2052 409 2107 aaut
437 2047 526 2110 olere
551 2049 779 2130 pereprinum:
806 2047 890 2110 done
912 2064 1095 2132 requirimur,
1116 2065 1172 2110 ne-

130 2151 191 2214 que
214 2133 318 2194 solum
339 2132 494 2194 rusticam
517 2133 745 2214 asperitatem,
771 2133 828 2196 sed
849 2134 944 2196 etium
963 2133 1173 2216 pereqrinam

129 2217 334 2280 insolentiam
361 2217 401 2304 sir
424 2235 479 2279 cre
508 2217 679 2284 discamus.
724 2217 882 2306 Equidem
904 2239 975 2281 carm
1000 2217 1101 2282 audio
1122 2237 1173 2281 so·

130 2309 220 2365 ‘crum
251 2323 351 2366 meam
385 2239 529 2366 doarium
561 2303 678 2383 (verba
710 2317 786 2370 sunt
817 2305 946 2385 Crassi)
968 2339 1009 2352 -
1036 2305 1175 2392 facilius

130 2389 213 2455 enim
253 2389 403 2454 tutrlieres
441 2391 667 2472 irtcorruptnm
702 2393 926 2476 antiquitatem
968 2397 1174 2466 corase-caat,

131 2473 237 2558 quod,
267 2475 438 2538 maritorum
466 2478 623 2539 sermonis
650 2486 818 2559 esperiae,
846 2497 885 2540 aa
908 2481 1015 2540 teneret
1036 2494 1174 2558 semper,

132 2579 216 2643 quoe
235 2561 345 2642 prima
368 2559 554 2623 didicerunt
569 2598 610 2608 -
632 2562 781 2626 sedeam
803 2565 849 2625 sic
871 2559 990 2640 aredio,
1014 2569 1051 2625 nt
1076 2561 1174 2626 Plau·

131 2653 196 2708 tum
219 2645 294 2709 auidi
315 2653 372 2708 aut
398 2645 558 2709 Naeuium
579 2647 694 2710 uidear
715 2649 856 2721 arretium·
884 2667 963 2710 sono
985 2649 1058 2730 ipso
1087 2648 1175 2709 noeis

131 2733 180 2794 ita
201 2739 292 2794 recto
314 2737 346 2792 et
366 2732 504 2812 simplici
534 2740 600 2806 est,
621 2740 657 2793 ut
678 2731 761 2796 uidit
782 2734 1006 2795 ostentationis
1028 2739 1086 2794 aut
1107 2733 1174 2793 imi-

131 2818 267 2892 tationis
295 2817 402 2898 affere
430 2815 604 2886 ridentum
625 2835 666 2877 es
688 2835 752 2900 quo
773 2819 822 2882 sie
844 2819 985 2879 incudum
1013 2815 1085 2900 ejus
1113 2835 1176 2898 po-

132 2911 214 2966 trem
242 2897 381 2986 judico,
411 2900 459 2961 sio
489 2898 648 2984 majores,
678 2921 743 2987 quo
780 2897 854 2964 loca
890 2919 955 2962 aron
988 2900 1059 2964 sine
1084 2901 1178 2986 juste

130 2994 237 3050 'caasa
258 2983 396 3064 Livium,
418 2983 556 3048 Ennium
577 2994 610 3049 et
631 2984 816 3051 Terentium
839 2986 980 3050 omissas
1002 3006 1078 3050 esse
1100 2986 1179 3050 dicit

132 3068 340 3151 Sohaemus,
392 3071 455 3140 uod
486 3069 533 3138 ilii
563 3091 629 3139 non
657 3091 680 3136 a
708 3071 819 3155 pneris
840 3069 956 3136 Latine
984 3071 1074 3156 loqui
1101 3092 1177 3136 corr·

131 3165 305 3232 suessent,
328 3089 390 3220 sed
410 3167 547 3244 pastea,
570 3179 642 3221 cum
667 3157 755 3221 Osce
778 3167 834 3221 aut
855 3157 983 3220 Graece
1007 3157 1178 3241 loqueren-

134 3254 208 3319 tur,
245 3240 395 3306 Latinam
433 3239 578 3326 iingnam
615 3242 825 3320 didicissent,
864 3241 1010 3306 Naevius
1050 3253 1175 3312 eorrtra.

134 3327 255 3410 quippe
284 3325 316 3389 in
347 3325 524 3410 Carrrpanis
555 3337 670 3406 natus,
703 3340 838 3410 propter
872 3327 1072 3410 frequentem
1103 3348 1179 3392 euru

133 3411 294 3476 Romanis
323 3413 589 3478 consuetudinem
618 3411 749 3480 facilius
778 3413 905 3494 integra
935 3413 1083 3480 Romana
1110 3433 1177 3476 ser-

133 3517 231 3561 mone
254 3517 332 3560 usus
355 3507 453 3562 essct.
497 3495 542 3561 At
565 3515 630 3560 non
654 3497 694 3561 de
716 3497 833 3562 Latino
863 3517 1033 3576 sernrnne,
1056 3497 1114 3561 sed
1137 3497 1179 3562 de

135 3583 296 3652 Romano,
319 3601 384 3646 non
408 3581 449 3646 de
471 3583 620 3659 rustico,
647 3583 705 3646 sed
729 3584 770 3650 de
792 3587 916 3651 urbano
939 3583 1056 3649 Cicero
1079 3603 1178 3666 expo-

136 3670 199 3746 nit,
230 3669 271 3730 de
301 3687 470 3743 sermone,
501 3678 535 3731 ut
565 3668 638 3752 ipse
666 3670 759 3747 dicit,
789 3670 878 3734 urbis
901 3671 1053 3752 propria,
1085 3689 1179 3754 quem

135 3773 199 3818 nce
219 3753 335 3819 Livius
356 3771 418 3820 nee
436 3753 568 3833 Ennius,
591 3765 702 3836 tripete
726 3754 845 3820 (irasci
867 3765 899 3820 et
922 3754 1013 3830 Osci,
1035 3773 1098 3816 nec
1119 3753 1178 3816 Te-

136 3839 260 3903 rentius
286 3836 368 3902 Aser
395 3857 476 3920 pure
499 3849 532 3902 et
554 3837 652 3920 piane
673 3850 706 3906 ct
728 3839 799 3902 sine
824 3838 935 3922 aliqua
963 3837 1182 3902 ostentatione

136 3937 170 3990 et
190 3925 369 3991 imitatione
390 3921 617 4010 loquebantur.
656 3923 806 3992 Plautum
826 3936 934 3993 autem
956 3924 1183 4012 praetermittit

137 4100 345 4116 m

140 4257 142 4266 Α
209 4204 235 4268 1)
261 4199 468 4260 Dradertborcit
493 4204 534 4258 ad
558 4197 618 4262 dia.
651 4205 709 4260 vn.
735 4205 776 4258 30.
810 4205 860 4266 ih
897 4203 1017 4260 Gronau.
1051 4203 1091 4258 ad
1123 4201 1183 4256 Lta.

139 4285 249 4424 ῗἹΧἍΙ.
268 4287 292 4340 3.
311 4285 343 4424 :5
389 4287 418 4354 2)
438 4285 518 4344 Sere.
538 4287 578 4344 ad
598 4287 778 4362 topicam.
796 4289 827 4344 Χ.
846 4290 903 4348 145.
955 4291 983 4358 3)
1001 4287 1037 4342 de
1054 4291 1127 4342 erat.
1141 4285 1186 4340 iii.

177 4409 183 4424 .
239 4375 291 4424 ,εί
346 4409 352 4422 .
