2918 4952
534 319 591 418 ’-.-
649 351 719 428 169
771 383 820 410 -·-

157 553 245 624 qnae
266 553 358 610 nova
375 543 490 600 nostra
513 534 636 598 invenit
657 518 770 613 aetas,
799 537 882 600 satis
911 555 1058 623 nequeas
1079 540 1201 617 mirari,

156 619 247 687 hunc
269 621 373 686 virum
388 621 605 686 inveteratum
621 615 712 684 illum
731 639 885 704 errorem,
907 643 972 708 quo
988 626 1115 692 Naevio
1130 643 1203 694 ver-

158 727 231 779 sum
253 727 274 774 e
296 707 413 774 Sirene
443 706 577 774 citatum
598 705 806 793 adscribunt,
826 720 976 798 repetere
997 714 1146 804 potuisse
1161 719 1204 798 ¹).

585 883 783 973 Siaiaqmas.

242 1005 394 1072 Donatus
407 1006 461 1092 ²):
491 1005 568 1072 mibi
595 1007 726 1072 vicisim
753 1007 801 1073 ad
829 1005 890 1072 boo
918 1009 982 1093 (sc.
1004 1005 1089 1075 irato
1110 1008 1201 1095 Deo)

157 1091 327 1162 abdidisse
347 1111 428 1172 meo,
450 1111 493 1158 ne
512 1101 597 1162 errat
617 1095 836 1180 ἀμφίβολον,
858 1096 913 1160 cai
933 1096 1059 1162 dicaret
1079 1099 1206 1164 irato

158 1179 258 1250 Dea.
306 1179 456 1246 Naevius
475 1181 512 1248 ia
532 1177 724 1270 Siaiaymo:

301 1324 315 1338 ‘
368 1297 440 1357 Deo
461 1314 530 1356 meo
548 1299 686 1374 propitio
707 1296 795 1356 merie
815 1297 905 1370 bomo
927 1305 987 1358 esi.

159 1399 285 1470 Versus
306 1399 607 1485 renarIusinteger
625 1407 696 1478 esi,
717 1419 803 1480 non,
825 1409 861 1466 ut
881 1399 1020 1468 Bothius
1041 1391 1207 1492 opinatur,

160 1487 269 1572 capite
291 1485 434 1552 mutilus.
477 1485 599 1560 Ultima
629 1489 717 1554 enim
745 1487 948 1573 pronominis
967 1509 1055 1556 meas
1076 1489 1209 1576 syllaba

158 1573 228 1640 arsi
249 1572 442 1657 producitur
454 1577 496 1652 ³).

244 1682 357 1756 Verba
378 1693 455 1748 sunt
475 1683 559 1750 civis
575 1681 728 1764 Romani,
750 1701 883 1756 servum
905 1694 1021 1755 eontra
1043 1683 1140 1760 alium
1163 1689 1207 1754 ei
1258 1677 1261 1690 '

158 1787 235 1840 vern
256 1769 320 1841 sibi
341 1768 547 1840 vindicantis.
1073 1781 1076 1788 '
1113 1783 1117 1792 ‘

581 1922 785 2014 Siiqmaiiar.

134 2065 147 2088 ·
246 2043 284 2108 Si
305 2047 350 2110 ex'
368 2043 582 2129 inscriptione
612 2042 749 2114 fabulae
777 2041 820 2110 de
840 2044 914 2134 ejus
935 2055 1131 2132 argumento
1155 2047 1210 2134 ju·

159 2127 272 2198 dicare
293 2127 381 2214 lieet,
403 2129 674 2210 describebantur
690 2131 780 2196 inea
801 2140 859 2196 eut
878 2129 972 2196 liberi
992 2129 1133 2197 hominis
1153 2153 1211 2198 ca-

160 2213 302 2285 lumniae
324 2217 489 2296 damnati,
519 2237 656 2302 quorum
684 2215 850 2282 frontibus
872 2215 904 2282 K
924 2215 1050 2284 literam
1079 2218 1211 2290 inurere

159 2301 315 2370 solebant
329 2307 362 2384 4)
394 2299 629 2388 (Kalamaion
658 2302 743 2368 enim
772 2303 876 2386 prisci
896 2305 1126 2384 scribebant),
1154 2313 1213 2374 aut

161 2387 251 2454 servi
271 2385 400 2470 fugitivi
422 2399 456 2451 et
479 2389 603 2470 captivi
624 2385 713 2468 sata,
745 2407 884 2476 quorum
914 2387 1042 2458 frontes
1063 2401 1097 2458 et
1117 2389 1212 2480 ipsos

162 2471 319 2558 stigmate
339 2473 551 2558 notabautii.

676 2629 706 2696 1.

249 2707 359 2812 Varro
374 2749 428 2830 6)ε
459 2745 638 2831 (Naevius)
660 2747 697 2810 ia
719 2741 916 2832 Siiyraaiiar

580 2861 714 2938 praebia
1016 2853 1019 2856 ’

162 2983 186 3035 a
204 2965 416 3070 praebendo,
439 2975 477 3034 at
496 2969 540 3034 rii
560 2973 670 3050 iuius,
701 2961 791 3053 qaod
812 2965 879 3032 siat
899 2963 1046 3032 ronredin
1066 2968 1101 3034 in
1125 2969 1214 3036 coilo

160 3072 288 3138 puers.

157 3163 301 3250 praebia
328 3163 586 3250 aprobibendo
615 3160 702 3250 conj.
734 3159 825 3230 Sosi.
858 3164 952 3246 prob.
981 3161 1097 3242 Bon,
1118 3165 1214 3238 maie.

160 3251 297 3334 Legitur
326 3254 413 3319 enim
442 3251 531 3336 apud
562 3249 699 3322 Paulum
719 3249 904 3320 Diaconum
917 3251 970 3328 ⁷)r
989 3252 1142 3332 praebia,
1163 3273 1215 3321 re·

161 3338 288 3416 media,
323 3357 343 3404 e
395 3335 490 3402 uibus
523 3336 740 3418 corrigendus
768 3343 821 3398 est
849 3333 968 3400 Festus
984 3335 1038 3422 8),
1067 3338 1122 3422 qui
1150 3335 1216 3404 alio

160 3421 240 3489 loco
263 3426 355 3504 (nam
372 3358 434 3488 blo
450 3419 541 3487 Festi
557 3423 660 3486 verba
674 3419 943 3505 interciderunt):
962 3423 1106 3504 praebia
1123 3424 1216 3509 (cod.

145 3510 345 3599 ¹praedia),
375 3508 441 3587 ait,
472 3527 591 3578 rarsas
620 3505 757 3572 Verrius
783 3508 900 3572 vocari
927 3508 977 3571 ait
997 3529 1038 3574 ea
1059 3512 1216 3592 remedia,

164 3617 250 3689 qaae
278 3595 365 3666 Gaia
387 3593 477 3684 (cod.
500 3594 599 3678 daia)
628 3591 786 3676 Caecilia,
806 3612 900 3671 urar.
917 3591 1078 3687 Tarquini
1094 3593 1217 3678 Prisci,

234 3843 264 3911 1)
279 3845 311 3900 ia
328 3839 407 3900 Mar·
424 3839 517 3900 Ram
536 3839 647 3914 Vpaq.
665 3843 725 3898 271·
776 3839 806 3907 2)
822 3839 862 3898 ad
882 3837 993 3898 Terent.
1011 3839 1133 3900 Pborm.
1151 3839 1172 3901 i.
1191 3847 1218 3906 2.

67 3978 70 3988 .
164 3933 208 3989 24·
262 3930 294 4000 3)
313 3929 353 4000 ef.
371 3930 473 3988 Riitar
499 3927 630 3984 clament.
654 3941 779 3999 qramm.
805 3922 902 3984 batia.
924 3942 999 3998 paqr
1016 3929 1074 3982 140.
1125 3928 1156 3998 4)
1179 3925 1218 4000 cf.

168 4014 261 4088 lipsii
288 4016 380 4074 Eieci.
406 4013 439 4069 ΙΙ.
466 4015 508 4072 15.
559 4014 591 4084 5)
617 4010 759 4068 Weiaberi
777 4016 858 4081 poet.
885 4009 981 4068 Latin.
1005 4011 1058 4066 rei.
1080 4029 1150 4090 paq.
1168 4017 1220 4071 iii

163 4104 498 4174 aot.12eipaa.228;
518 4095 660 4155 Fraalre'r
680 4092 847 4154 Garobicbte
870 4087 1004 4166 TraJ‘aa’r
1020 4114 1055 4171 p.
1073 4103 1141 4161 3353
1167 4097 1220 4152 Β).

166 4184 369 4244 aianeoane
386 4184 407 4242 Ι.
420 4200 493 4258 με).
513 4189 580 4250 1293
602 4181 754 4256 Gb'iiliaq’a
770 4180 858 4236 Ram.
879 4177 1056 4250 sraarnerf.
1071 4199 1142 4254 pay.
1162 4185 1221 4238 133.

165 4271 196 4338 6)
213 4269 250 4324 aa
265 4269 335 4342 lina.
352 4267 419 4324 aar.
429 4286 501 4344 pay.
515 4274 568 4332 886
584 4265 691 4346 Spano.
743 4267 773 4338 7)
787 4284 859 4344 pay.
875 4271 927 4332 235
946 4265 1047 4328 Maeli.
1101 4269 1133 4340 8)
1146 4284 1219 4346 paq.

161 4359 218 4418 238
237 4362 265 4412 et
286 4361 339 4416 240
362 4353 462 4412 Murali
