2918 4952
636 305 1008 424 —ues-'

250 546 366 605 contre
396 532 572 615 superbam
605 524 817 596 Claudiorum
853 535 982 609 gentem
1015 523 1160 607 scriptos
1191 519 1296 588 foisse

250 621 403 701 affirmat,
423 619 468 682 ito
491 629 610 697 tamen,
630 624 675 695 ut,
697 631 910 696 quaecunque
932 611 1065 694 exponit
1087 620 1121 676 et
1142 609 1295 694 disputat,

250 709 350 775 meris
373 703 572 772 con'ecturis
600 701 752 774 nitantur.
802 697 867 764 De
885 695 1024 768 Claudio
1056 699 1142 767 enim
1176 697 1296 777 Glicia,

244 794 410 878 ¹vilissimo
432 725 649 868 domunculo,
677 804 797 850 versus
825 782 1010 850 intellectos
1032 783 1121 864 vult,
1143 786 1199 871 qui
1221 807 1297 849 cum

251 903 273 946 a
294 879 486 963 magistratu
515 896 576 945 suo
601 893 679 947 rnox
700 870 856 944 abdicare
885 891 962 935 sese
985 883 1178 954 cogeretur,
1207 872 1298 937 inani

251 977 361 1031 tomen
383 962 559 1035 ambitione
580 960 699 1032 ductus
719 966 943 1044 praetextatus
969 957 1003 1020 in
1025 955 1112 1024 ludis
1133 955 1299 1024 Circensi-

244 1055 314 1118 ·bus
338 1049 523 1122 emittendis
557 1044 727 1130 quadrigis
748 1044 876 1126 signum
900 1043 1034 1116 dederit,
1077 1043 1133 1120 At,
1159 1064 1298 1129 quaeso,

252 1139 326 1224 quis
342 1155 484 1221 unquam
500 1155 519 1197 e
534 1129 786 1215 simplicissimis
802 1130 914 1194 verbis
927 1129 1107 1200 Naevianis
1123 1129 1207 1196 haec
1226 1151 1298 1194 ern-

243 1245 310 1289 ·ere
325 1223 449 1307 possit,
471 1239 536 1286 non
560 1217 659 1300 louge
680 1214 786 1281 solum
809 1217 928 1298 petita,
958 1217 1017 1280 sed
1039 1217 1082 1282 ab
1103 1216 1190 1285 omni
1213 1219 1299 1282 verl-

253 1308 471 1380 similitudinis
493 1305 606 1390 speoie
626 1301 861 1374 abhomentiat
904 1302 1078 1372 Praeterea
1098 1301 1131 1366 in
1155 1306 1300 1368 carmine

254 1398 296 1462 de
317 1395 441 1466 Punico
470 1391 558 1458 bello
588 1389 748 1462 neminem
770 1387 999 1460 Romanorum·
1024 1389 1191 1474 carpsisse
1213 1389 1298 1454 Nae·

245 1485 341 1548 'vium
372 1481 529 1556 arbitror,
559 1497 633 1546 cum
661 1493 793 1547 osunen
823 1471 902 1538 illud
924 1474 956 1538 in
980 1473 1093 1541 ultimo
1119 1478 1298 1541 senectutis

255 1564 357 1654 gradu
380 1566 602 1648 conscriptum
624 1581 679 1624 res
697 1559 883 1625 levissimas
902 1574 977 1627 ante
997 1562 1130 1647 triginta
1149 1560 1221 1626 fere
1241 1583 1299 1627 ao-

219 1723 225 1743 ,
253 1677 318 1722 nos
349 1651 460 1720 factas
490 1649 664 1733 repetiisse
694 1647 752 1709 vix
785 1646 941 1720 credibile
962 1648 1014 1716 sit.
1056 1647 1172 1735 Neque
1205 1647 1303 1716 locus

210 1801 214 1812 .
242 1749 344 1818 erat,
374 1738 493 1812 credo.
524 1731 749 1810 maledicendo
780 1732 862 1796 satis
891 1742 988 1819 aptus
1010 1735 1043 1798 in
1066 1736 1211 1801 carmine
1233 1734 1301 1806 hoc,

255 1827 361 1912 epiro.
1305 1829 1307 1832 ·

339 1935 480 2004 Mecum
498 1929 678 2021 jambicum
699 1938 761 2002 est..
801 1931 804 1940 '

765 2108 796 2170 ἓ.

340 2233 450 2299 Varro
461 2231 515 2316 ¹):
543 2235 700 2313 sponsos,
728 2245 937 2320 consponsae.
985 2225 1058 2292 Hoc
1083 2225 1230 2294 Naeuius
1259 2233 1302 2300 si.

156 2401 165 2414 ,
252 2321 403 2418 φιὶᾒοαί,
425 2339 496 2384 cum
517 2319 583 2382 citt

675 2447 842 2503 conspmmz

256 2542 449 2626 consponsis
472 2538 560 2604 editt.
577 2535 686 2600 Vertr.
706 2533 841 2616 Soiopp.
883 2530 1109 2606 Confuderunt
1128 2531 1195 2606 hoc
1215 2532 1303 2624 frag.

240 2641 400 2703 mentum
421 2647 495 2694 cum
517 2623 581 2690 alio
595 2628 626 2704 ²)
650 2620 803 2690 editores.
1192 2614 1205 2641 ⁸

769 2746 813 2845 3..

342 2899 452 2965 Varro
466 2899 517 2977 ³):
544 2893 698 2989 praefica
732 2895 835 2972 dicto,
857 2901 892 2958 at
914 2892 1070 2958 Aurelius
1093 2893 1215 2971 scribit,
1238 2915 1304 2958 moe

260 2991 321 3058 lior
350 2986 392 3050 ob
423 2988 530 3062 lucto,
560 3003 644 3066 pocae
672 2981 929 3056 conduceretur,
959 3000 1044 3066 pune
1072 2989 1149 3045 ante
1178 2983 1304 3046 donorum

258 3074 378 3143 mortui
400 3071 515 3137 laudes
545 3069 617 3136 e‘os
638 3071 823 3146 caperest).
868 3067 941 3132 Hoc
966 3069 1153 3151 factitatum
1175 3070 1304 3132 Aristo·

258 3163 338 3225 telas
359 3157 472 3224 seror
493 3159 529 3222 in
551 3091 654 3231 libro,
680 3157 736 3238 pur·
758 3153 949 3219 irrscriditnr
970 3154 1105 3234 νόμιμα
1127 3158 1304 3238 βαρβαρι-

258 3247 316 3320 κά.
365 3244 490 3325 Quibus
519 3242 729 3313 testimonium
757 3248 805 3304 ert
832 3241 921 3326 qnod
944 3241 1068 3329 fretum
1089 3249 1139 3306 est
1164 3241 1304 3306 Naevii:

714 3358 794 3416 ludeo
816 3357 938 3435 qnidam
960 3357 1075 3431 hercle,
1098 3353 1219 3433 opinor,

384 3444 532 3522 prdesicu
554 3451 612 3514 est,
635 3463 706 3502 nam
729 3447 882 3503 mortuum
905 3445 1062 3511 colladdat
1084 3485 1092 3502 .
1117 3485 1126 3504 .
1148 3487 1157 3504 .
1180 3485 1188 3502 .

258 3555 380 3644 [retum
409 3559 458 3618 est
490 3548 610 3614 Naevii
640 3549 736 3612 codd.
759 3547 846 3612 Flor.
874 3549 984 3613 Haun.
1009 3547 1107 3615 Goth.
1130 3549 1203 3615 Par.
1230 3569 1250 3612 a
1275 3559 1308 3613 et
1363 3581 1367 3586 ·
1417 3613 1426 3630 ,

262 3644 291 3706 b.
315 3640 403 3704 editt.
427 3631 503 3701 Ald.
525 3636 602 3700 Bos.
629 3634 702 3698 Par.
729 3633 856 3718 Gryph.
879 3635 1022 3722 August.
1045 3635 1201 3722 Speng.,;
1228 3637 1308 3700 Fre-

97 3763 100 3774 ·
195 3797 199 3806 ,
261 3737 327 3794 tum
359 3724 481 3789 Naeuii
514 3724 603 3786 editt.
641 3720 748 3785 Vertr.
784 3720 938 3803 Sciopp.;
972 3721 1060 3806 qnod
1090 3724 1214 3809 fertum
1248 3732 1306 3787 ert.

265 3813 387 3884 Naevii
420 3811 495 3878 cod·
527 3807 654 3884 Vertr.;
688 3808 777 3893 qnod
806 3808 929 3896 fletam
958 3817 1006 3874 est
1039 3806 1187 3878 Naevius
1206 3811 1308 3886 editt.

262 3969 468 3986 m-

303 4119 308 4122 ,
332 4059 361 4128 1)
381 4056 417 4110 de
434 4055 502 4129 linp.
521 4053 586 4108 Lat.
600 4069 670 4126 pap.
685 4057 737 4116 247
756 4050 862 4128 Speny.
903 4056 945 4132 Ι2)
964 4053 1002 4124 of.
1019 4052 1130 4130 [παφα.
1148 4056 1266 4112 Romul.
1283 4060 1308 4112 3.

262 4148 291 4210 3)
310 4141 346 4196 de
364 4141 431 4212 liny.
457 4139 523 4194 Lat.
544 4139 616 4212 pop.
633 4143 682 4196 351
707 4136 825 4226 Spirop-¹
873 4140 901 4207 4)
923 4139 962 4208 cf.
989 4138 1124 4197 Becker-’r
1150 4141 1252 4198 Gallos
1275 4141 1309 4197 11.

258 4247 329 4305 pop.
349 4231 414 4302 2345
451 4223 541 4278 Uirici
570 4222 799 4278 i'lrnrukteristik
831 4222 882 4276 der
917 4227 1033 4282 antideo
1060 4225 1311 4300 Historioprapht'e

262 4332 330 4388 pop.
350 4317 382 4370 99
401 4317 458 4366 not.
