2864 4944
634 305 704 397 ,ῳ
764 311 921 410 on«-

271 520 418 588 illunllus
437 511 748 588 concanonicos
769 529 845 584 ente
866 516 1101 586 Punice-melle
1126 515 1184 586 tce
1203 521 1316 604 prltnc

271 605 425 674 carrulnis
440 605 528 671 'libro
548 615 722 670 contentas
750 604 870 670 luisse·
898 617 985 685 utut,
1013 607 1046 670 in
1076 623 1143 692 ‚quo
1162 604 1316 674 ,Aenona

271 695 369 759 edum
397 711 528 758 errores
557 689 740 778 Trojaeque
768 692 919 756 incenia
947 702 1088 758 tractate
1104 691 1212 759 fuisse
1234 713 1313 760 com

270 789 347 846 atu.
389 777 528 862 Ingens,
557 775 739 855 mehercle,
766 778 927 863 ejuscrodi
954 778 1037 843 liber
1064 789 1124 842 est.
1169 778 1245 866 Sed
1257 799 1314 844 ao·

271 866 357 931 cedit
378 863 475 930 etiarn
495 859 573 940 hoc,
596 862 702 947 quod,
724 875 847 929 mutato
870 874 983 930 contra
1015 864 1312 948 grammaticorum,

271 951 325 1036 qni
364 951 479 1017 Naevii
514 949 699 1030 fragmenta
736 961 930 1028 moverunt,
973 951 1199 1016 auctoritatem
1237 950 1313 1016 libri

269 1054 423 1115 numero,
452 1035 606 1120 quidquid
636 1033 727 1099 lubet
754 1035 786 1100 in
815 1037 974 1119 primum,
1003 1036 1055 1100 oui
1084 1055 1164 1120 prae
1194 1037 1314 1102 ceteris

270 1121 364 1188 libris
394 1122 518 1186 iuvisse
548 1121 599 1184 vir
631 1120 747 1185 doctus
780 1119 1070 1200 videtur‚librum
1092 1121 1208 1186 inlert
1262 1122 1314 1186 De

268 1205 407 1272 Romulo
425 1209 522 1284 eninr,
537 1207 760 1283 chventiue,
774 1208 815 1272 de
830 1209 909 1272 urbe
927 1209 1058 1272 condita
1072 1208 1106 1272 iu
1120 1207 1312 1273 secundoli·

268 1295 329 1359 bre
346 1294 503 1358 Naeuium
520 1293 679 1359 cecinisse
691 1292 797 1358 Varro
813 1305 846 1357 ct
861 1293 1041 1374 Servius1)
1059 1293 1213 1370 referunt,
1228 1313 1312 1378 quoa

268 1389 377 1445 tamen
406 1377 500 1444 locos
529 1397 642 1444 omncs
672 1378 714 1442 ad
736 1381 873 1461 primum
901 1378 1018 1443 librum
1047 1379 1312 1462 pertinere'Blu-

267 1467 352 1531 mlus
384 1466 505 1530 statuit.
555 1463 682 1530 Deinde
710 1485 753 1528 ne
782 1465 979 1530 constetisse
1007 1466 1070 1529 sibi
1101 1465 1229 1550 quidem
1260 1466 1309 1530 vir

268 1552 384 1615 doctus
414 1551 550 1614 videtur.
594 1551 677 1614 Nam
700 1550 740 1612 de
763 1549 972 1633 Carthaginis
1000 1551 1124 1634 origine
1150 1552 1309 1618 Naevium

268 1639 429 1702 cecinisse
452 1637 647 1713 concedens,
664 1635 833 1702 Romanae
854 1645 978 1701 tautum
1000 1638 1088 1704 urbia
1111 1639 1313 1704 incremento

267 1723 411 1798 carmine
431 1723 599 1807 descripto
619 1721 723 1786 fuisse
749 1722 843 1800 dicit,
874 1722 915 1785 de
937 1722 1119 1788 Poenorum
1146 1724 1235 1788 urbis
1256 1725 1308 1788 in·

268 1807 443 1873 crementis
465 1808 544 1872 nihil
566 1829 587 1872 a
611 1817 707 1892 poeta
736 1807 880 1872 additum
909 1807 1022 1873 fuisse·
1040 1819 1197 1874 utatuens.
1240 1809 1311 1874 sod

268 1896 432 1960 mittamus
449 1893 656 1962 Blumiumet
671 1893 732 1956 sub
752 1912 889 1958 examen
912 1913 1068 1960 vocemus
1082 1893 1256 1960 Kmoeium
1268 1897 1309 1976 ²),

266 1981 328 2050 Hie
344 1981 431 2045 omni
448 1993 593 2045 veterum
609 1979 805 2061 scriptorum
821 1980 1015 2044 anctoritate
1034 1979 1193 2062 neglecte,
1212 1993 1311 2046 teme

266 2067 374 2136 rarius
405 2067 515 2150 magis
534 2085 631 2151 quum
649 2065 722 2148 ipse
747 2063 903 2148 Blamiue,
924 2077 1057 2149 pomum
1077 2068 1222 2132 secundo
1239 2068 1311 2151 jam

266 2149 351 2217 libro
382 2150 459 2225 belli
488 2152 740 2233 descriptionem
774 2173 884 2228 orsum
906 2171 981 2216 esse
1002 2162 1103 2235 putet.
1155 2153 1221 2218 Sed
1247 2153 1311 2220 ltoc

265 2236 349 2314 libro
374 2239 414 2314 de
435 2239 548 2315 Aenea
570 2238 679 2315 etiam,
702 2237 743 2302 de
764 2236 902 2316 Didone,
924 2238 965 2302 de
987 2235 1127 2309 Romulo
1150 2237 1310 2310 Naevium

265 2324 427 2400 cecinisse
446 2321 815 2410 quicunquehujnslibri
825 2323 978 2407 reliquias
985 2335 1155 2395 servarunt
1164 2322 1308 2393 luculem

265 2421 315 2485 ter
330 2409 539 2486 tradiderunt.
563 2410 640 2488 lum,
656 2430 697 2474 ne
712 2407 833 2498 longus
849 2413 921 2488 sim,
944 2408 1087 2475 lectores
1109 2411 1151 2473 ad
1174 2412 1310 2476 secundi

263 2495 338 2574 libri
366 2495 550 2578 fragmenta
576 2494 699 2578 relego.
742 2495 777 2559 lu
811 2497 930 2561 ceteris
960 2493 1033 2570 cum
1054 2499 1135 2565 miro
1167 2499 1309 2592 quodam

264 2581 362 2660 modo
378 2579 537 2646 Blunrium
560 2593 715 2666 sequntur
731 2580 903 2660 Krausius,
926 2603 977 2660 ea,
1000 2604 1084 2672 quae
1107 2603 1207 2666 supra
1229 2605 1308 2656 con-

264 2679 314 2732 tra
338 2665 498 2732 Bluruium
519 2667 607 2745 dicta
634 2675 729 2746 titul,
761 2669 793 2734 in
813 2667 987 2744 Krntrsiu'm
1017 2689 1145 2754 quoque
1175 2669 1306 2734 cudunt.

265 2753 382 2834 Restat
404 2753 750 2842 Suaugenbcrgiuffi),
775 2753 829 2839 qui
852 2756 1001 2840 quamvis
1026 2753 1132 2820 multis
1153 2754 1185 2818 in
1208 2755 1309 2820 rebus

153 2903 155 2908 ,
265 2861 379 2915 verum
410 2862 482 2910 cum
507 2839 653 2919 Merula,
676 2860 697 2903 a
727 2861 790 2924 quo
814 2841 985 2904 maximam
1019 2851 1143 2926 purtem
1175 2841 1307 2924 pendet,

262 2908 397 3002 uiderit,
427 2923 527 3002 multa
549 2939 656 3008 tannen
685 2923 804 3003 habet,
839 2926 879 2990 dc
902 2927 1018 3010 quibus
1040 2949 1139 3002 secus
1163 2939 1305 2992 statueri-

263 3011 339 3084 dum
367 3031 441 3082 esse
472 3011 550 3077 milri
579 3011 707 3095 quidem
737 3011 873 3076 videtur.
917 3011 1058 3077 Primum
1081 3017 1165 3092 ,eninr
1187 3009 1305 3094 librum

260 3117 316 3174 res
343 3095 503 3190 Trcjauas
532 3117 636 3182 usque
658 3097 698 3172 ad
720 3097 855 3163 Aeneae
877 3096 1020 3170 initalia
1041 3099 1216 3178 adventum
1238 3111 1302 3164 tra-

263 3193 373 3252 ctasse
398 3184 559 3266 opinatur,
583 3184 761 3258 secuudum
782 3183 871 3249 urbis
893 3181 1113 3264 fundamenta,
1136 3184 1306 3268 Carthagi-

261 3269 313 3342 nis
334 3267 543 3348 incunabula,
565 3267 644 3340 belli
664 3271 797 3334 initium.
840 3268 894 3346 At,
917 3281 1052 3354 quiaeso,
1071 3273 1144 3358 quie
1165 3293 1307 3358 uuquam

256 3358 363 3426 'sunus
385 3355 483 3423 lromo
505 3355 551 3422 ita
571 3354 675 3428 libros
705 3353 838 3434 dividit,
861 3364 896 3421 ut
923 3375 979 3423 res
1011 3357 1093 3432 duas
1123 3359 1306 3430 contrarias

262 3439 352 3518 trullo
382 3439 513 3518 vinculo
537 3461 725 3519 conuertas,
757 3442 893 3524 primum
917 3439 1055 3522 Romam
1079 3453 1145 3506 turn
1168 3441 1305 3523 Cartha-

263 3526 371 3610 ginem
393 3529 570 3607 conditam,
592 3538 713 3604 narret,
737 3526 822 3610 quod
845 3526 906 3590 nisi
924 3527 1051 3593 duobus
1073 3528 1178 3613 iisque
1201 3529 1304 3593 diver·
1418 3557 1419 3580 1

211 3659 213 3668 .
262 3614 311 3678 sis
333 3614 529 3679 carminibus
551 3613 622 3678 fieri
644 3614 779 3696 nequit'l
815 3610 1044 3679 Necessarium
1060 3615 1160 3701 igitur
1174 3615 1306 3680 omnino

261 3709 331 3778 cst,
361 3709 396 3777 ut
423 3699 552 3766 futurus
582 3699 673 3767 urbis
702 3696 829 3762 Romae
859 3698 1008 3766 conditor
1039 3721 1111 3766 curn
1134 3701 1306 3766 condenda

260 3797 293 3850 et
315 3787 446 3853 condita
468 3782 668 3866 Carthagine
690 3792 934 3862 councctatur,
949 3786 1035 3871 quod
1057 3786 1201 3866 selinus,
1223 3809 1302 3872 quo.
1417 3809 1418 3824 κ

252 3872 358 3944 ‚inodo
375 3893 397 3938 a
412 3869 554 3958 Virgilio
578 3868 701 3936 suctum
718 3868 769 3932 sit.
809 3869 936 3943 Quodsi
955 3883 1065 3950 autem
1085 3893 1126 3939 eo
1143 3895 1186 3954 ee
1206 3895 1304 3954 canu.

259 3968 369 4050 ntum
388 3955 458 4032 vult
486 3949 797 4044 spangenbergio,
825 3955 914 4042 quod
943 3958 1048 4042 princ
1076 3957 1167 4037 lituo¹
1189 3959 1303 4046 troje
1416 4023 1417 4030 ,

330 4185 358 4298 ι’)
377 4184 532 4298 uorum.
552 4193 709 4290 mutu
728 4227 768 4285 ru.
812 4198 872 4296 nt.
886 4229 909 4292 u
920 4244 991 4302 poa.
1010 4177 1061 4287 uu
1073 4199 1139 4300 no(
1159 4179 1305 4300 ,uiuunt

262 4314 440 4387 Fragmenta
451 4327 524 4384 pao.
542 4313 592 4370 188
606 4331 666 4386 squ.
1142 4355 1148 4379 2
1189 4373 1194 4381 ,
1277 4364 1283 4378 .
