2864 4944
533 387 877 510 -57--ν

139 567 306 653 jecerunt,
347 587 454 654 neque
485 572 557 636 sine
590 587 709 652 magna
745 570 820 636 veri·
848 569 960 652 speeie
975 571 1018 652 ¹).
1064 569 1196 656 ¹Sequi·

142 665 250 718 tanuen
271 652 371 732 nolui,
393 676 465 720 cum
488 657 617 740 inipso
639 655 722 722 libro
744 655 839 722 tertie
861 656 967 722 locum
990 655 1065 722 huic
1087 654 1176 739 frng-

139 750 248 804 mento
266 751 297 804 et
319 741 446 806 Prubus
467 745 598 822 tribuat,
620 762 725 826 neque
741 746 867 827 absque
895 741 1175 808 verisimilitudine
1232 805 1236 812 .

139 826 202 903 sit,
232 828 264 889 in
293 827 387 890 tertio
415 825 499 896 libre
529 826 697 892 Anchisae
724 828 840 892 iterum
878 828 1072 893 mentionem
1101 847 1178 893 esse

138 909 272 978 factum.
314 912 483 978 Audacem
507 914 636 1000 quidem
656 933 748 992 eam,
770 933 866 998 quam
887 915 919 980 lu
942 915 1079 978 medium
1101 935 1196 997 pre··

138 995 260 1074 seram,
289 1000 510 1084 conjecturum
531 1019 608 1064 esse
629 998 806 1078 confiteor,
837 1021 878 1066 ec
909 1012 1017 1066 tamen
1048 1001 1196 1064 nomine·

139 1095 324 1148 ceterorum
364 1086 577 1168 interpretum
615 1085 834 1168 explicatione
877 1087 1052 1235 mapprem,
1090 1086 1179 1170 qued

138 1169 238 1234 l’rnbi
259 1171 442 1236 testimonio
464 1173 583 1238 nititur.
626 1173 731 1259 Igitur
752 1170 905 1236 versiculi
957 1171 1084 1236 aeriani
1113 1193 1178 1258 quo

137 1267 306 1338 spectent,
327 1255 497 1340 Virgilius,
518 1257 583 1324 hoc
605 1260 719 1337 etiam,
741 1271 777 1324 ut
799 1259 943 1334 videtur,
965 1256 1041 1324 locu
1060 1257 1193 1322 Naevii¹

137 1341 290 1423 imitator,
321 1345 450 1426 praeit·
479 1343 656 1430 Postquam
679 1344 763 1408 enim
785 1364 827 1408 cx
849 1344 949 1424 Epiro
972 1363 1090 1406 navem
1109 1341 1176 1408 sul·

137 1439 256 1491 verant
277 1427 415 1514 Trojani
435 1439 469 1492 et
488 1431 531 1494 ad
554 1430 665 1493 ltaliae
686 1427 763 1494 litus
792 1429 1007 1512 appulerant,
1038 1430 1177 1512 primum

137 1533 234 1578 omen
265 1526 419 1597 apparet,
450 1525 589 1599 quatuor
617 1513 744 1580 scilicet
774 1518 847 1599 equi
882 1516 986 1594 nivei,
1015 1515 1050 1578 in
1080 1512 1177 1578 litore

136 1611 312 1683 pascentes
331 1604 379 1681 ²),
412 1620 431 1664 e
453 1621 516 1686 quo
546 1599 634 1666 bella
664 1599 760 1664 simul
789 1613 822 1666 et
845 1623 961 1685 pacem
983 1599 1178 1665 vaticinatur

136 1685 321 1768 Anchisae,
344 1697 428 1762 tum,
451 1687 721 1775 quemadmodum
743 1684 886 1752 Helenus
908 1690 1178 1770 praeceperat3),

133 1773 256 1838 ominis
281 1772 429 1838 firmandi
463 1793 564 1838 causa
593 1773 715 1838 Juuoni
739 1771 927 1859 Pallarlique
955 1793 1053 1842 sacra
1085 1770 1174 1835 lucit.

134 1856 209 1922 Hoc
245 1879 339 1923 omen
367 1857 511 1924 Naevius
547 1861 645 1924 etiarn
680 1860 868 1942 respexisse
905 1859 1050 1936 videtur,
1088 1855 1179 1920 haud

134 1941 238 2006 multo
260 1956 335 2008 ante
351 1945 518 2012 Anchisae
539 1957 674 2019 mortem
692 1956 873 2028 acceptum.
917 1945 1012 2020 Quod
1034 1964 1113 2008 vero
1135 1943 1178 2006 de

137 2033 259 2112 templu
281 2043 314 2095 et
335 2032 377 2094 de
398 2034 452 2096 nui
474 2032 573 2109 canit,
597 2053 661 2096 non
685 2033 804 2095 obstat.
849 2029 936 2094 Acer
956 2031 1041 2094 enim
1064 2041 1096 2092 et
1118 2050 1176 2092 arr·

133 2115 237 2202 putria
259 2138 323 2180 non
347 2115 453 2182 solum
475 2119 515 2180 de
537 2118 618 2200 ipsis
641 2119 776 2196 avibuS,
806 2116 866 2180 sed
889 2117 929 2178 de
951 2115 1025 2180 aliis
1047 2135 1177 2200 quoque

138 2202 243 2284 signis
266 2203 327 2267 dici
350 2203 552 2267 notissimum
576 2207 680 2282 est4).
731 2201 894 2286 Ternplnm
912 2213 1019 2266 autem
1041 2221 1117 2270 tren,
1142 2210 1179 2264 ut

134 2286 273 2365 assolet,
295 2289 336 2353 de
358 2287 444 2366 locu,
465 2291 551 2352 unde
573 2289 710 2373 auguria
731 2300 932 2374 spectantur,
957 2289 1016 2352 sed
1038 2287 1079 2350 de
1101 2287 1176 2370 ipso

136 2371 310 2436 Minervae
337 2375 458 2455 templu
485 2373 728 2458 intelligendum
758 2387 826 2452 est,
863 2377 904 2438 de
934 2395 998 2458 quc
1029 2373 1103 2458 equi
1131 2371 1191 2435 itte

137 2457 314 2519 decurrere
349 2459 596 2540 videbantur⁵).
655 2460 750 2523 Haec
779 2461 821 2523 ad
850 2458 1045 2543 explicanda
1075 2459 1191 2522 verba·

139 2539 327 2614 sufficiant3
351 2545 422 2627 jam
445 2544 486 2606 de
509 2541 583 2606 loco
607 2564 714 2626 pauca
735 2545 873 2623 addam,
896 2546 950 2630 qui
972 2547 1065 2608 tertio
1087 2545 1119 2607 in
1141 2542 1178 2607 li·

77 2623 79 2628 ’
138 2628 200 2690 bro
228 2626 395 2692 Anchisae
422 2627 527 2692 fuerit.
571 2628 605 2690 ln
636 2629 741 2714 Eryce
770 2632 866 2714 igitur
895 2629 1008 2696 Siculo
1039 2630 1178 2695 Veneris

137 2713 302 2798 Erycinae
315 2715 346 2793 ⁶)
380 2713 533 2797 templum
556 2712 659 2779 fuisse
697 2721 889 2795 consum),
922 2737 995 2780 cum
1027 2714 1114 2799 quod
1144 2716 1177 2778 in

136 2820 179 2862 eo
203 2797 343 2863 Veneris
363 2798 460 2876 filius,
483 2800 589 2882 Eryx,
624 2802 756 2864 occisus
806 2803 847 2865 ab
876 2793 1192 2882 Herculesepultus'

134 2894 210 2950 erat
238 2896 272 2948 ct
304 2886 405 2950 monti
433 2905 551 2950 nomen
578 2885 778 2968 ,dederat⁸);
812 2898 879 2951 tum
909 2886 997 2971 quod
1022 2885 1179 2968 Drepani,

135 2989 224 3056 quae
268 2972 383 3037 civitas
425 2982 516 3037 trans
559 2971 752 3058 Lilybaeum
791 2974 855 3038 sita
896 2971 985 3036 haud
1020 2968 1120 3054 longe
1156 2991 1179 3034 a

136 3065 247 3122 monte
295 3058 400 3143 Eryce
442 3060 574 3137 aberat,
618 3057 801 3138 Anchises,
844 3057 985 3123 Veneris
1021 3059 1190 3136 aurasius,

137 3144 360 3210 Romanorum
382 3165 547 3227 proavus,
571 3159 719 3212 mortuus
734 3150 777 3228 ⁹),
800 3145 925 3228 etipse
948 3143 1012 3210 hoc
1032 3145 1064 3208 in
1089 3166 1177 3208 mun-

136 3243 170 3294 te
202 3228 350 3312 sepultus
378 3242 457 3295 erat
516 3231 608 3298 Haec
645 3231 817 3316 praemisi,
848 3245 884 3294 ut
921 3231 1178 3294 demonstrarem

31 3371 33 3378 ,
136 3328 277 3382 urentem
302 3316 440 3398 Erycem
470 3315 513 3380 ad
542 3317 711 3382 Romanos
742 3338 838 3400 quam
869 3316 1051 3380 arctissime
1080 3317 1177 3396 perti-

135 3424 225 3470 nere.
269 3401 390 3476 Quanti
419 3414 526 3468 autem
560 3404 592 3466 in
621 3405 695 3486 ipso
725 3401 1187 3484 bel10Punicoprimomc·.

137 3488 237 3552 menti
258 3487 366 3566 fuerit,
382 3507 424 3550 ne
445 3488 538 3568 ipsus
561 3489 689 3572 quidem
705 3489 873 3552 Romanos
894 3485 976 3570 sugit
991 3493 1042 3565 1⁰)
1074 3485 1186 3560 .Quae¹

136 3595 212 3640 cum
234 3575 280 3638 ita
300 3576 385 3652 sint,
416 3571 500 3638 haec
523 3593 596 3638 mea
618 3587 670 3640 est
692 3575 732 3640 de
756 3575 906 3640 versibus
927 3571 980 3640 his
1000 3571 1179 3640 Naevianis

139 3731 346 3749 -ι-ι-ιιιιμ

207 3833 234 3901 l)
250 3833 288 3904 cs.
300 3833 412 3888 Blnml.
422 3833 518 3904 hpay.
534 3835 575 3890 53.
602 3837 632 3907 ’2)
648 3835 979 3908 l'irp.1lcn.lll.537sqq.
1004 3834 1033 3900 3)
1048 3832 1116 3886 Aen.
1134 3829 1185 3906 lll.¹

133 3919 195 3974 435.
255 3920 286 3988 l)
315 3918 404 3975 Cicer.
435 3913 544 3972 Turcnl.
573 3919 592 3973 l.
621 3921 661 3974 15.
686 3921 735 3988 333
764 3919 894 3991 Philipp.
921 3918 953 3972 ll.
977 3919 1020 3972 35.
1044 3917 1086 3970 80.
1114 3917 1179 3986 ih'ip.

141 4003 328 4074 Wcrnrdurfy
352 4005 452 4060 Duker
475 4005 516 4058 ad
541 4003 620 4060 Ftur.
646 4003 677 4058 ll.
706 4006 730 4058 2.
758 4006 791 4072 73
817 4008 861 4060 lta
887 4008 977 4059 etiam
1005 4002 1181 4060 Graecorum

135 4084 217 4158 ὅρνις
233 4090 378 4164 Ανίείοῃή.
396 4089 515 4146 Arnim
532 4107 591 4164 sqq.
609 4088 684 4160 Ddf.
737 4093 768 4162 5)
793 4089 868 4162 Vlrp.
888 4091 955 4146 Aen.
975 4088 1019 4146 lll.
1037 4090 1096 4146 531.
1148 4087 1180 4154 6)

136 4173 199 4228 Ltv.
217 4173 303 4227 xxti.
320 4176 470 4249 93kllell.
488 4177 532 4232 30.
551 4178 593 4232 31.
612 4184 665 4230 eet.
718 4177 746 4242 7)
766 4172 882 4230 Seruius
898 4175 938 4228 cd
959 4174 1032 4248 Viry.
1051 4173 1120 4227 Aen.
1134 4169 1181 4226 lll.

138 4259 210 4329 7073
237 4261 275 4314 V:
296 4261 354 4316 759.
406 4264 436 4330 8)
455 4261 572 4316 Seruius
589 4262 608 4316 l.
626 4262 645 4316 l.
665 4261 684 4314 l.
703 4262 761 4316 570.
813 4262 844 4329 9)
870 4261 943 4338 Viry.
966 4261 1035 4316 Aen.
1055 4255 1099 4312 lll.
1122 4255 1180 4310 707.

142 4345 186 4410 lll)
206 4343 265 4398 [λυ.
285 4344 358 4401 Xlll.
381 4348 418 4401 10.
440 4350 472 4412 d,
491 4347 612 4402 XXVlll.
633 4349 673 4401 dl.
695 4349 718 4402 3.
