2918 4952
582 349 940 448 -2274

189 553 315 639 cilimn,
344 550 546 628 numerum,
579 546 780 626 Pacuvium,
807 547 932 618 Attium
960 548 993 614 ia
1033 551 1146 618 satiris
1174 550 1244 616 suis

186 641 401 722 vituperasse
416 637 543 702 dicatur
559 635 603 720 ¹),
617 633 766 708 Naevius
783 633 1009 720 reprehensus
1025 644 1092 704 dod
1110 637 1244 704 feratur.

91 805 96 818 ‚
190 724 307 794 Simile
335 724 420 792 enim
442 721 569 808 utrique
598 721 782 804 ingenium,
796 731 862 789 ·ut=
878 719 1042 790 [taedium
1073 745 1095 790 a
1116 723 1243 796 Naevio

188 808 336 880 meando
360 808 472 877 dedita
488 826 601 892 opera·
614 807 817 879 abstinuisse
839 818 957 892 putare
978 806 1088 878 liceat.
1126 811 1177 876 At·
1192 807 1242 876 fa

189 909 280 964 ctum
311 907 447 1046 guoque.
464 903 682 976 eseepotesr,
704 904 740 959 ut
761 899 879 979 podms
898 894 1240 980 Enniouoaqmorea,

189 1003 311 1069 guerre
333 983 464 1050 modum
485 977 577 1049 multi
591 978 662 1065 ejus
692 981 812 1050 aetatis
831 979 988 1060 Romani,
1006 980 1155 1050 auditas
1176 997 1243 1048 nou

187 1079 386 1160 sacraretur,
407 1071 520 1151 itaque
541 1085 604 1133 uec
626 1063 763 1143 Livium,
784 1085 847 1138 nec
867 1065 1040 1150 Naeuium,
1058 1087 1126 1135 neo
1144 1065 1242 1152 eim

191 1167 258 1222 tum
276 1155 469 1237 respiceret
491 1151 620 1216 Etenim
640 1153 811 1236 poetaram
831 1149 962 1224 illorum
982 1169 1167 1222 wmonear
1187 1174 1241 1240 so:

190 1240 258 1308 lum
280 1239 416 1321 carpsit,
445 1235 539 1326 cujus
562 1235 759 1320 elegantiam
789 1238 832 1302 ab
854 1237 958 1304 Ennio
980 1239 1126 1324 incipere
1147 1250 1242 1328 puta-

192 1329 281 1394 bant.
327 1323 582 1404 Diversissimae
603 1332 712 1388 autem
739 1322 963 1390 Romanorum
985 1325 1019 1390 in
1033 1323 1244 1414 dijudicanda

193 1413 340 1477 veterum
356 1407 572 1475 'comicorum
605 1411 810 1493 praestantia
821 1407 1011 1478 ,sententiae
1030 1409 1172 1492 fuerant,
1194 1422 1242 1491 ut,

193 1499 249 1583 qui
279 1495 478 1580 elegantiam
507 1505 633 1560 tantam
663 1506 696 1561 et
719 1494 921 1562 Graecorum
943 1497 1142 1564 imitationes
1163 1498 1242 1564 eda·

193 1593 332 1660 merent,
355 1581 557 1660 Terentium,
579 1580 633 1665 qai
656 1581 862 1666 gravitatem,
883 1583 1060 1668 ingenium,
1082 1585 1148 1650 vim
1169 1603 1241 1649 sus·

193 1670 353 1754 picerent,
387 1679 517 1734 veteres
539 1670 658 1751 potitus
680 1667 894 1751 praeferrent.
937 1667 1111 1737 Volcatius
1133 1682 1244 1738 autem

194 1755 251 1822 ille
281 1754 450 1839 Sedigitas
480 1773 555 1820 cum
586 1752 732 1819 incertos
762 1752 884 1822 multos
904 1753 971 1820 laea
992 1755 1025 1822 in
1046 1777 1084 1822 re
1105 1757 1242 1834 videret,

193 1853 317 1908 eertum
348 1841 510 1926 quendam
538 1837 685 1905 ordinem
715 1840 902 1918 constituit,
933 1842 1115 1909 secandum
1144 1862 1242 1929 quem

193 1927 310 1994 comici
341 1927 481 1993 Romani
515 1935 776 2005 recenserentur,
805 1924 899 2028 cujas
922 1926 965 1992 de
987 1927 1114 1994 Naevio
1138 1933 1240 2015 poeta

192 2012 557 2080 honorificentissimum
580 2011 741 2098 judiciam
770 2031 810 2077 eo
832 2010 985 2078 lubentius
1004 2033 1083 2082 cum
1111 2013 1241 2082 lectori·

192 2103 255 2168 bus
266 2099 494 2177 communico,
535 2117 576 2166 uo
593 2098 698 2182 major
711 2095 789 2168 huo
805 2097 888 2177 viro,
903 2097 936 2161 ia
959 2095 1012 2164 his
1026 2101 1126 2166 rebus
1147 2121 1240 2166 exer·

192 2186 398 2264 citatissimo,
420 2183 502 2250 fides
512 2120 670 2250 labenda
686 2197 746 2248 est.
780 2182 924 2251 Tertiam
941 2195 1051 2252 autem
1064 2197 1143 2272 post
1159 2188 1241 2254 Cae·

195 2274 306 2338 cilium
327 2283 361 2336 et
383 2269 534 2337 Plautum
556 2269 698 2353 palmam
720 2269 848 2336 Naevio
870 2267 986 2350 defert,
1012 2293 1065 2354 ea,
1085 2284 1178 2359 puto,
1201 2273 1243 2338 de

110 2397 112 2402 -
195 2377 311 2434 causa,
334 2356 421 2440 qaod
445 2353 562 2419 Naevii
584 2352 726 2432 fabulae,
755 2356 788 2421 in
810 2357 928 2441 quibas
950 2356 1071 2424 multae
1100 2380 1156 2424 res
1176 2370 1242 2426 tra·

194 2444 390 2520 etabantur,
420 2460 505 2526 quae
533 2451 687 2524 posterae
720 2443 819 2507 aetati
839 2443 1027 2528 incognitae
1048 2457 1154 2526 erant,
1174 2467 1242 2511 aon

192 2529 240 2594 ita
261 2539 379 2612 postea
401 2526 602 2604 arridebant,
631 2535 667 2591 ut
689 2524 796 2593 Plauti
820 2527 1021 2615 Caeciliiqae
1041 2530 1186 2612 fabulae,
1208 2532 1243 2596 in

194 2615 312 2700 quibus
341 2634 402 2679 eae
424 2613 596 2696 expositae
623 2632 680 2676 res
712 2625 818 2692 erant,
841 2635 926 2700 quae
947 2628 1115 2700 posteram
1136 2638 1243 2706 aeque

139 2717 141 2722 ’
194 2721 237 2766 ac
259 2701 403 2785 priscam
433 2708 575 2764 aetatem
607 2695 817 2764 delectarent.
861 2701 946 2774 Nam
968 2703 1127 2770 Naevium
1158 2705 1241 2771 Coe·

79 2839 85 2854 s
167 2866 168 2872 ἵ
194 2786 270 2853 cilio
293 2786 399 2854 Statio
422 2796 456 2850 et
477 2782 595 2850 Plauto
618 2785 774 2865 cessisse,
791 2785 848 2852 vix
870 2787 1072 2856 crediderim.
1114 2789 1243 2858 Versus

194 2883 306 2960 autem
328 2870 468 2955 Sedigiti
489 2869 523 2936 hi
546 2881 640 2937 sunt:

321 3004 436 3074 maltos
459 3013 594 3072 incertos
619 3015 739 3072 certare
762 3011 842 3072 hane
863 3032 929 3073 rem
950 3013 1090 3091 vidimus,

320 3097 454 3177 palmam
476 3101 587 3176 poiitao
611 3100 727 3159 comico
750 3099 800 3159 eni
823 3098 972 3160 delerant.

320 3185 401 3247 Eum
423 3203 490 3244 meo
511 3183 628 3261 judicio
651 3203 787 3244 errorem
810 3184 972 3246 dissolvam
995 3187 1060 3260 tibi,

322 3274 490 3332 utcontra
511 3272 537 3330 si
559 3272 626 3346 qais
650 3273 771 3344 sentiat,
795 3271 837 3330 nil
860 3273 983 3332 sentiat.
1095 3272 1098 3280 '

323 3357 460 3418 Caecilio
481 3354 614 3432 palmam
637 3355 740 3416 Statio
764 3355 803 3416 do
825 3358 953 3417 comico.

322 3444 459 3504 Plautus
484 3441 637 3500 secundas
660 3441 750 3500 facile
773 3447 937 3522 exsuperat
958 3447 1088 3510 ceteros.

320 3528 400 3588 Dein
424 3527 574 3601 Naevius,
598 3528 649 3602 qui
671 3527 778 3603 fervet,
802 3531 902 3607 pretio
923 3532 955 3590 in
976 3532 1069 3590 tertio
1093 3536 1149 3594 est.

322 3615 355 3673 Si
378 3614 446 3686 crit,
470 3613 553 3688 quod
575 3615 684 3688 quarto
707 3612 807 3690 detur,
829 3615 952 3676 dabitur
972 3617 1118 3680 Licinio.-

320 3701 400 3760 Pcst
422 3699 543 3774 insequi
564 3699 713 3758 Licinium
735 3699 815 3759 facio
837 3704 986 3762 Attidium.

321 3787 358 3846 ln
382 3789 467 3845 sexto
490 3785 630 3860 sequitur
651 3786 707 3845 hos
728 3785 799 3844 loco
822 3787 997 3849 Terentius.

280 3899 285 3904 ·
325 3872 485 3947 Turpilius
507 3873 681 3949 septimum,
704 3873 828 3932 Trabea
849 3876 991 3934 octavam
1012 3875 1140 3936 obtinet.

325 3957 412 4016 Nono
433 3957 504 4017 loco
528 3975 597 4017 esse
619 3957 709 4018 tuelle
731 3957 812 4018 secio
834 3959 996 4020 Luscium.

323 4040 484 4104 Decimum
507 4044 586 4105 addo
610 4063 705 4106 eausa
726 4044 915 4122 antiquitatis
939 4045 1088 4108 Ennium.

201 4191 410 4208 m

267 4307 294 4375 lt
319 4303 429 4360 Gellius
448 4307 533 4364 XVll.
554 4317 607 4378 213
635 4310 752 4370 Servius
770 4299 813 4370 acl
835 4311 932 4388 Vtrptt.
951 4313 1022 4370 Aen.
1038 4312 1083 4370 lll.
1099 4317 1158 4372 601.
