2864 4944
649 373 900 444 ...12...

243 547 369 628 inisse,
398 567 418 615 e
447 547 618 615 Ciceronis
646 547 722 615 loco
752 550 894 634 quodam
910 556 941 633 ¹)
974 559 1087 638 patet,
1120 554 1182 618 ubi·
1202 553 1289 622 haec

244 634 414 718 leguntur:
445 655 540 721 quam
558 635 724 721 candebat
745 635 830 701 betto
855 636 982 702 Punico
1009 639 1168 717 Noouios,
1192 660 1288 726 quom

250 719 450 787 iiucrtleutc
490 721 646 799 Plautus,
682 741 701 787 e
731 722 865 806 quibus,
903 723 933 788 si
959 722 1069 790 locum
1101 724 1287 808 diligentius

243 807 381 891 inspicis
395 811 445 890 ²),
475 827 588 871 senem
616 817 683 871 tum
711 806 871 872 Naevium
899 806 1003 874 fuisse
1031 821 1180 894 apparet.
1223 811 1284 876 Lo·

244 893 353 979 quitur
379 904 488 958 auteur
509 891 628 957 Cicero
655 893 697 957 de
724 893 851 958 Naevio
873 893 1002 959 Romac
1029 906 1201 975 versante,
1231 898 1286 983 qni

198 1005 204 1014 ¹
242 997 330 1044 anno
352 977 436 1042 DHL
457 977 490 1041 in
513 976 645 1043 exilium
666 975 781 1062 pulsus
802 989 862 1044 est.
906 979 1027 1044 Senem
1049 991 1157 1046 autem
1179 981 1285 1048 virum

244 1063 496 1148 sexagenarium
534 1063 666 1144 dicunt,
701 1063 749 1128 ita
789 1074 824 1128 ut
859 1063 1005 1129 Naevius
1046 1077 1123 1130 ante
1162 1087 1282 1130 anunm

243 1147 555 1216 CCCCLXXXVHI
570 1169 600 1212 u.
612 1167 641 1212 c.
656 1147 762 1212 lucem
783 1149 923 1228 viderit,
942 1151 1052 1234 itaque
1070 1151 1199 1215 biennio
1219 1151 1284 1216 sal·

241 1244 307 1300 tem
327 1245 404 1300 ante
414 1235 570 1298 Punicum
586 1233 705 1300 bellurn
728 1235 866 1318 primum
887 1245 982 1302 natus
1003 1235 1054 1300 sit.
1098 1237 1157 1301 Est
1175 1247 1283 1302 tamen

241 1317 336 1384 locus
372 1319 459 1404 apud
497 1319 635 1384 eundem
671 1319 864 1386 Ciceronem
879 1323 911 1400 ³)
920 1367 932 1399 ,
964 1341 1077 1408 equo
1112 1321 1219 1387 Ennio
1252 1333 1285 1387 ct
1326 1353 1329 1359 ·

241 1403 391 1470 Plautum
414 1416 446 1469 et
467 1405 627 1472 Naevium
649 1415 728 1470 natu
749 1408 892 1470 minores
920 1406 1023 1471 fuisse
1051 1427 1214 1491 apparere
1235 1408 1282 1471 vi·
1308 1487 1312 1494 v

242 1491 347 1556 rietur.
391 1489 503 1555 Verba
531 1489 616 1554 haec
645 1501 739 1555 sunt:
780 1494 878 1556 utentis
901 1493 984 1640 sere
1006 1492 1087 1557 DX.
1142 1501 1192 1556 ost
1216 1493 1283 1556 Ro·

240 1597 324 1641 auom
344 1577 507 1640 conditum
530 1576 644 1640 Liuius
663 1575 812 1661 fabrettum
837 1575 901 1641 ded
915 1587 936 1650 t,
964 1575 999 1641 0.
1022 1577 1106 1642 Clau
1128 1579 1162 1641 u'o
1176 1576 1284 1645 ‘Caeci

237 1662 329 1748 filio,
364 1662 413 1726 Μ.
442 1659 608 1724 Tuditano
632 1659 846 1738 Consulibus,
875 1681 963 1726 cuoo
985 1672 1061 1727 oute
1079 1671 1191 1726 neotum
1214 1665 1283 1728 Ec·

240 1750 345 1828 uirum,
379 1748 434 1833 qui
460 1744 761 1834 summouentium
785 1767 880 1831 quom
906 1747 1045 1811 Plautus
1066 1755 1099 1812 et
1124 1749 1279 1816 Naevius.

240 1832 379 1899 Constat
406 1843 536 1908 tamen,
565 1834 703 1914 primum
724 1851 746 1896 c
767 1831 862 1897 Livio
890 1829 1036 1898 fabulam
1065 1832 1174 1898 domm
1206 1855 1283 1900 esse

239 1937 326 1984 anno
342 1940 373 1981 u.
392 1937 421 1984 c.
443 1913 566 1984 DXIV.
577 1918 623 2001 ⁴),
646 1925 757 1982 natum
778 1919 876 2000 igitur
896 1918 1038 1984 Ennium
1058 1939 1144 1984 anno
1169 1918 1283 2001 DXV.,

238 2004 369 2070 biennio
391 2011 470 2088 post
489 2002 627 2086 primum
649 1999 770 2067 bellum
793 2004 959 2081 Punicum,
980 2003 1015 2068 in
1038 2025 1102 2090 quo
1123 2004 1282 2082 Naevius,

238 2097 324 2156 teste
343 2087 494 2154 Varrone
513 2088 601 2172 apud
623 2085 808 2171 Gellium)
829 2089 991 2173 stipendia
1011 2100 1193 2166 meruerat3
1215 2111 1282 2156 uec

237 2195 305 2242 non
333 2172 435 2238 multa
464 2171 622 2238 eNaevii
651 2173 848 2251 carminibus
875 2176 1033 2240 sumsisse
1061 2175 1199 2240 Ennium
1228 2174 1281 2240 Gi·

238 2263 361 2344 cero⁶)
382 2257 493 2336 refert,
514 2257 612 2343 quod,
635 2277 708 2322 cum
729 2270 807 2343 post
826 2271 987 2326 mortuum
1017 2259 1146 2325 demum
1168 2280 1281 2326 senem
1343 2263 1345 2268 '

236 2345 398 2412 Naevium
428 2343 568 2412 Romam
605 2341 785 2422 translatus
817 2346 860 2410 sit
892 2345 1034 2424 Ennium,
1065 2343 1136 2411 fieri
1166 2347 1230 2412 nisi
1259 2365 1282 2413 a

230 2432 364 2522 juniore
392 2449 458 2495 non
488 2430 643 2515 poterat?
671 2430 766 2504 Quae
794 2452 868 2496 curn
896 2432 943 2497 ita
966 2431 1048 2510 sint,
1080 2431 1281 2498 nonfacere

235 2538 302 2586 non
324 2537 459 2600 possum
488 2536 562 2580 cnm
583 2513 765 2602 tto-stov),
794 2517 849 2602 qui
870 2517 910 2582 in'
925 2515 981 2582 illo
1006 2516 1175 2582 Ciceronis
1203 2515 1295 2588 loco.

235 2623 418 2690 pronomen
446 2599 617 2666 relativum
646 2619 712 2666 non
741 2602 784 2666 ad
807 2603 963 2680 Ennium,
991 2602 1051 2666 sed
1080 2602 1123 2666 ad
1151 2601 1281 2668 Livium

234 2690 403 2772 respicere
434 2696 556 2752 censet.
600 2685 707 2760 Quam
737 2688 1010 2752 constructionem
1033 2684 1103 2752 noli
1124 2696 1280 2770 tauquam

235 2774 388 2843 Ciceroni
413 2771 601 2838 inusitatam
622 2774 777 2858 rejicere3
800 2772 919 2839 Cicero
944 2771 1028 2837 eninr
1051 2770 1128 2838 alibi
1150 2792 1280 2858 quoque

234 2859 406 2928 relativum
436 2875 617 2942 pronomen
647 2877 714 2922 non
742 2858 786 2922 ad
815 2878 933 2923 nomen
964 2859 1114 2943 proxime
1145 2876 1279 2942 praece·

235 2943 319 3010 dens
348 2944 447 3008 refert
458 2947 502 3022 ⁸).
544 2941 650 3005 Recte
677 2943 776 3024 igitur
798 2953 902 3007 totum
926 2942 1055 3020 locum,
1085 2963 1180 3026 quem
1207 2941 1278 3027 piu·

145 3029 146 3032 ’
233 3031 307 3099 rimi
345 3027 515 3095 Ciceronis
550 3025 746 3109 interpretes
782 3028 1004 3091 exsecandum
1033 3029 1278 3113 judicaverant,

232 3115 413 3183 vindicavit
434 3111 644 3194 Osannus⁹).
686 3109 904 3177 Nihilominus
934 3122 1042 3176 tamen
1068 3113 1151 3199 jam
1169 3113 1278 3181 Dono·

233 3206 352 3282 tus¹⁰)
382 3201 414 3264 in
448 3196 514 3262 hcc
545 3193 621 3260 loco
654 3194 726 3261 falli
746 3215 785 3262 se
808 3216 928 3284 passus
949 3207 1021 3278 est,
1044 3197 1181 3265 Ennium
1202 3209 1279 3264 ante

233 3288 383 3356 Plautum
397 3284 508 3352 ¹fuisso
529 3299 678 3347 narrans.

162 3459 164 3466 ,
318 3405 413 3478 Bello
447 3403 573 3471 Punico
596 3399 757 3472 secundo
797 3398 892 3469 miles
932 3400 1096 3486 stipendia
1132 3401 1278 3467 Naevius

231 3493 348 3562 meruit
362 3493 429 3573 1¹).
483 3487 580 3564 Quod
612 3509 672 3554 cur
703 3488 766 3558 sub
797 3485 896 3557 finem
930 3489 1059 3556 demum
1096 3485 1172 3556 belli
1208 3485 1276 3554 fac·

233 3647 443 3676 m·-

300 3739 327 3807 1)
347 3735 419 3792 Cato
436 3731 562 3789 XW.50.
596 3730 626 3800 9)
644 3732 685 3805 cf.
702 3751 776 3806 qum
792 3733 875 3804 infra
890 3735 924 3787 tn
935 3734 1085 3805 preconio
1102 3729 1143 3786 cd
1160 3747 1277 3796 carmen

230 3822 478 3885 auctionaretur
496 3817 712 3890 disputabimus.
747 3817 779 3889 ³)
798 3817 909 3874 Timent.
926 3815 947 3872 1.
964 3817 989 3872 9.
1024 3817 1055 3888 4)
1076 3815 1176 3875 Isidor-
1195 3813 1276 3889 Orty.

230 3911 278 3968 ΙΧ.
298 3911 331 3977 1;
360 3906 460 3964 osana
477 3905 601 3962 analect.
618 3907 682 3963 uu.
696 3904 897 3978 pecoraque
922 3899 1015 3960 Muto
1031 3901 1068 3956 de
1084 3901 1276 3972 fatalitate!-

228 3997 386 4066 lantepero.
403 3990 447 4046 90.
469 3998 528 4047 aot.
545 3989 615 4056 940;
642 3987 762 4046 Fischer
787 3994 815 4042 ct
834 3983 994 4042 Soetbecr's
1017 3983 1174 4042 Romtrclta
1199 3986 1275 4041 zec-

227 4078 324 4151 tafeln
344 4092 413 4149 pao.
430 4073 474 4129 te.
525 4074 557 4143 ὃ)
574 4070 661 4128 xvir.
678 4071 722 4152 91.
739 4071 781 4124 tt.
833 4069 863 4136 θ)
882 4068 965 4124 Brut·
985 4069 1026 4125 15.
1078 4071 1109 4142 7)
1128 4071 1147 4126 1.
1165 4071 1183 4124 1.
1209 4069 1229 4126 1.
1248 4071 1274 4128 9.

224 4163 303 4232 8)tu
325 4161 440 4218 Verrem
459 4157 502 4216 111.
527 4150 578 4228 '³³3
603 4158 640 4214 dc
658 4163 754 4212 catur.
770 4153 858 4210 Decr.
875 4151 897 4210 l.
914 4153 957 4210 93.
974 4153 1028 4221 ott
1058 4153 1192 4226 Pattmp.
1208 4152 1228 4209 1.
1247 4156 1273 4208 5.

224 4247 268 4304 19.
300 4233 332 4316 Ι9)
351 4245 370 4299 1.
386 4243 488 4320 epau.
506 4244 550 4301 to.
587 4241 631 4310 10)
643 4243 684 4298 ad
704 4240 815 4301 roma
831 4235 921 4296 atur.
929 4238 1007 4315 prol.
1026 4237 1066 4294 17.
1111 4236 1154 4306 11)
1165 4233 1273 4313 froom.

222 4334 326 4394 Prote
342 4332 406 4394 teet.
425 4329 486 4388 Vll.¹
502 4329 528 4388 3.
