2864 4944
530 387 783 460 ...39-

125 558 263 625 eunus
278 567 310 638 ¹)

297 675 436 751 capessel
458 675 606 734 flammam
630 681 756 737 Volcani
778 687 891 756 topper

125 775 277 866 neglecto
298 789 446 848 accentu.
488 777 679 851 Schuettius
702 784 815 850 nescio
838 785 1028 854 abamita:

296 894 438 972 capesset
457 897 570 973 topper
591 896 741 958 flammam
763 897 942 960 Vulcani...

125 1013 167 1066 an
190 1021 265 1066 cum
284 997 462 1066 Muellero:
717 1081 720 1088 .

296 1107 489 1194 ..'·capaeset
510 1115 622 1193 tbpper
644 1117 794 1177 flammam
816 1111 956 1178 vulcani.

210 1220 395 1288 Verisimile
412 1221 500 1308 ⁸mihi
529 1221 674 1301 videtur,
704 1223 738 1288 in
766 1223 870 1306 primo
899 1220 983 1288 libro
1030 1241 1094 1310 quo
1123 1223 1165 1288 de

125 1304 245 1394 Trojae
265 1305 416 1372 incendic
439 1307 557 1373 cecinit
577 1318 687 1391 poeta,
707 1309 849 1392 positum
870 1305 975 1391 fnisse
990 1267 1078 1374 liunc
1094 1328 1164 1373 ver-

125 1413 206 1456 sum.
248 1393 316 1459 Sed
345 1389 426 1457 nihil
457 1391 596 1457 affirmo.
650 1393 764 1459 Potest
793 1395 879 1459 enim
914 1394 957 1459 ad
996 1395 1165 1461 incensam

124 1479 222 1543 etiam
242 1500 264 1543 a
284 1477 414 1543 leminis
443 1477 586 1543 classem
614 1481 794 1562 pertinere,
825 1497 910 1564 quae
931 1478 1091 1545 Sclruettii
1114 1491 1165 1546 est

123 1566 296 1646 sententia,¹
318 1565 373 1650 qui
393 1565 508 1629 nescio
529 1585 594 1650 quc
610 1567 687 1651 jure
706 1563 858 1644 affirmat,
880 1567 988 1648 ipsum
1001 1565 1163 1648 fragmen-

123 1661 189 1715 tum
211 1669 233 1713 a
253 1649 353 1716 Festo
374 1650 418 1714 ad
438 1648 556 1718 librum
585 1649 764 1716 secundum
792 1649 924 1729 resemi3
953 1672 1031 1718 nam
1058 1671 1165 1736 neque

123 1735 211 1820 apud
232 1734 426 1804 Muellerum
453 1757 561 1826 neque
593 1737 682 1823 apud
703 1736 957 1804 Lindemannum
989 1737 1054 1805 hcc
1075 1739 1163 1804 inve·

122 1823 220 1888 nitur.

631 1979 662 2044 4.

206 2086 371 2171 iuterpres
405 2086 487 2174 Maji
521 2089 565 2154 ab
597 2085 728 2172 Virgilii
756 2088 904 2154 Aeneida
925 2087 979 2171 ²):
1024 2089 1165 2171 peritum

123 2173 295 2238 mattarum
308 2172 558 2258 disciplinarum
574 2172 739 2240 Anchisen
757 2175 1041 2262 faisse....srunt.
1069 2170 1165 2238 Naeu

123 2259 242 2340 (ius)..
273 2261 329 2343 qui
348 2261 398 2324 ita
425 2260 487 2325 dea
510 2259 591 2344 (leg.
613 2261 656 2326 dc
676 2263 730 2345 eo)
761 2263 827 2326 ait:
865 2259 983 2326 coctus
1006 2259 1162 2337 Arausa,

123 2365 215 2431 quem
243 2343 369 2422 Venas,
387 2345 613 2429 patelanam
634 2347 813 2430 Dimum),
840 2347 919 2436 fata
939 2345 1053 2425 ducat,
1083 2346 1164 2412 dici-

123 2451 200 2498 acm
220 2435 257 2492 at
277 2436 390 2510 paetus
410 2429 551 2500 baberet.
593 2431 698 2498 Ennio
721 2433 817 2498 iidem
836 2452 954 2498 versus
973 2432 1164 2498 adscribun-

124 2525 178 2580 tur
198 2532 220 2578 a
241 2513 351 2580 Probo
370 2517 401 2595 ιἰ)
431 2515 526 2600 eique
556 2515 762 2584 vindicantur
793 2539 815 2584 a
841 2517 970 2584 Merula
998 2528 1032 2584 ct
1058 2518 1165 2604 Span-

124 2597 303 2686 genbergic
319 2602 372 2682 ⁴),
402 2599 615 2685 quorurmhie
635 2613 693 2668 aut
711 2604 920 2688 interpretem
940 2602 1031 2670 illum
1051 2605 1087 2669 in
1106 2624 1164 2670 nc·

122 2684 217 2838 tbi
231 2695 519 2840 tttttte‘fflt
540 2687 1167 2840 ‘tteittimlttittiffiami

123 2855 314 2922 Schuettius
336 2877 467 2943 quoque
489 2857 649 2942 opinatur.
692 2857 761 2924 Sed
790 2859 939 2944 quamvis
959 2853 1076 2924 Cicero
1092 2861 1124 2940 ⁶)
1146 2877 1166 2924 c

123 2941 305 3008 Naevianis
333 2943 532 3009 carminibus
562 2942 665 3010 multa
691 2944 883 3010 suffuratum
916 2964 992 3012 esse
1024 2943 1167 3011 Ennium

124 3027 225 3108 dicat,
246 3047 313 3094 ucn
332 3026 508 3094 verisimile
529 3036 640 3096 tamen
660 3027 722 3115 ebt,
743 3029 778 3096 id
800 3030 843 3096 ab
858 3031 966 3098 Ennio
982 3031 1029 3098 ita
1041 3029 1166 3100 lactum

123 3135 212 3194 esse,
233 3123 270 3180 ut
290 3114 456 3196 ipsissima
475 3114 595 3182 Naevii
614 3119 718 3186 verba
737 3118 772 3184 in
792 3135 887 3184 saum
909 3139 1042 3186 carmen
1059 3129 1165 3184 mans·

123 3198 240 3278 lcrret3
263 3201 384 3284 quippe
404 3203 628 3270 necessarium
648 3211 738 3283 erat,
766 3215 803 3268 ut
823 3201 927 3288 plagii
954 3205 1164 3271 convincere·

124 3296 176 3350 tur
196 3287 239 3350 ab
261 3284 452 3369 aequalibus
469 3289 557 3367 suis,
579 3308 717 3371 quorum
736 3289 771 3354 in
791 3290 941 3358 manibus
962 3286 1171 3354 Naevianum

124 3391 255 3436 carmen
284 3372 479 3441 versabatur
506 3374 740 3450 ementibus,
773 3382 885 3456 utpote
913 3373 1041 3438 Horatii
1068 3374 1166 3439 etiam

124 3465 233 3522 aetate
261 3455 295 3519 in
323 3453 489 3525 homiuum
517 3457 675 3532 memoria
692 3459 725 3540 ⁶)
752 3457 896 3527 infixum.
947 3456 1017 3525 sm
1044 3477 1088 3526 ne
1106 3480 1165 3545 po·

123 3543 184 3607 tuit
219 3541 348 3628 quidem
381 3543 456 3626 ipsa
483 3541 601 3608 Naevii
635 3543 739 3610 verba
774 3544 808 3613 iu
843 3565 938 3614 suum
965 3565 1059 3614 usura
1080 3566 1165 3611 con·

124 3627 233 3706 ferre,
275 3626 397 3714 quippe
439 3647 523 3713 quae
563 3627 717 3695 Saturnio
755 3641 879 3710 metro,
920 3631 1007 3718 quod
1040 3629 1165 3698 Ennius

124 3724 280 3798 tanquam
309 3713 391 3778 rude
412 3724 446 3780 et
465 3711 621 3779 incultum
643 3715 757 3781 derisit
767 3719 818 3800 ⁷),
847 3713 1072 3783 inclusarum
1094 3726 1165 3784 tan·

124 3811 193 3864 tum
207 3801 239 3879 8)
263 3799 296 3864 in
317 3795 452 3882 longum
468 3799 562 3864 Ennii
582 3819 715 3866 versum
731 3801 865 3866 coirent.
907 3801 1035 3868 Versus
1057 3812 1167 3869 autem

125 3905 146 3949 a
167 3884 278 3952 Probo
299 3884 457 3953 etaltera
479 3884 609 3970 Virgilii
622 3887 798 3974 interprete
820 3886 944 3960 laudati
964 3907 1032 3959 non
1053 3887 1166 3976 dacty-

195 4131 224 4200 ι)
240 4089 350 4204 caune
367 4135 471 4204 rraqra
486 4148 555 4206 pay.
572 4131 614 4188 cr.
668 4133 699 4204 a)
718 4133 750 4189 ιι.
771 4135 831 4190 cra
843 4153 916 4212 paq.
934 4135 993 4192 ara
1017 4137 1062 4191 eu
1086 4135 1167 4192 uon.

126 4215 158 4286 a)
177 4215 218 4270 aa
241 4213 339 4289 tamar.
364 4213 463 4288 naon.
489 4214 543 4269 vr..
558 4218 602 4273 ar.
652 4219 681 4286 ι)
700 4220 740 4274 au
764 4219 854 4277 aena
875 4219 1022 4295 namu
1045 4221 1089 4276 ar.
1139 4224 1168 4290 a)

128 4301 224 4362 nna,
240 4299 282 4356 ιι.
307 4299 351 4356 rc.
381 4300 433 4371 ,ιι
457 4297 560 4360 aaa.
579 4303 678 4377 apat.
696 4301 727 4358 ιι.
748 4303 770 4358 ι.
788 4304 830 4360 ca
881 4305 1003 4376 num.
1021 4305 1093 4364 aa
1111 4303 1170 4366 ιιι

129 4387 154 4439 ¹·
175 4384 228 4458 Sa·
280 4383 310 4453 ⁸)
334 4383 373 4454 ct·
388 4401 458 4459 rac·
477 4383 511 4441 ³2
528 4403 588 4459 mr·
