2864 4944
593 1077 664 1182 L.
735 1073 804 1184 B.

178 1331 285 1460 cum
317 1373 394 1462 ante
425 1377 539 1474 uiginti
572 1379 640 1455 oe·
663 1375 725 1466 tuor
759 1387 886 1449 menaea
909 1362 1032 1436 infirmo
1065 1364 1143 1436 milti
1166 1375 1228 1432 ¹1⁰⁰

178 1489 319 1588 opinanti
352 1485 393 1558 de
435 1481 591 1556 cariedml
623 1480 724 1572 patrie
756 1485 859 1552 morte
888 1481 1016 1556 nuntiae
1046 1485 1229 1575 afferretur,

180 1613 255 1670 mox
279 1585 470 1683 gravissima
493 1584 557 1655 1¹³⁰
582 1580 673 1654 thile
698 1583 881 1674 pertuleram
905 1588 940 1656 et
964 1583 1006 1654 de
1039 1586 1106 1655 ritu
1137 1587 1230 1677 peri-

181 1697 345 1768 clitantem
376 1709 398 1764 a
431 1686 542 1758 mertia
574 1683 682 1766 limine
714 1685 871 1756 invitam
901 1693 1089 1757 revocasset
1115 1687 1232 1758 medici

182 1797 246 1868 mei
271 1813 339 1884 arr,
363 1791 461 1859 vitam
485 1787 630 1856 orbatam
645 1784 766 1858 nullam
779 1805 852 1862 cese
866 1789 959 1878 coepi
982 1794 1108 1878 putare.
1146 1787 1234 1857 Nam

183 1897 214 1970 ri
238 1894 351 1968 Solem
375 1901 406 1962 e·
419 1885 536 1958 mundo
574 1886 686 1956 tollere
710 1887 869 1978 dicuntur,
894 1889 947 1979 qui
972 1881 1142 1958 amicitiam
1165 1891 1235 1960 tol·

183 2001 272 2088 lunt,
304 2013 377 2064 cnm
401 1988 481 2062 Sole
514 1987 622 2064 omnia
651 1989 750 2060 ctiam
786 1989 874 2058 vitae
906 1989 1238 2083 muneramus

185 2101 255 2198 pior
270 2095 387 2166 Mance
411 2109 578 2182 revereor,
600 2093 707 2160 tecum
732 2089 901 2162 abstulisse
925 2089 1087 2164 odeum.
1122 2090 1194 2165 sao
1216 2113 1239 2160 a

187 2198 297 2270 dolore
321 2193 364 2264 ad
389 2193 489 2269 vitam
514 2190 687 2284 agendam,
713 2212 735 2260 a
757 2189 845 2260 luctu
876 2191 918 2266 ad
948 2193 1058 2264 literae
1090 2213 1143 2264 me
1179 2211 1239 2261 rc-

190 2401 289 2474 multa
316 2397 467 2478 haberem
504 2393 545 2463 do
570 2398 681 2462 vetere
714 2395 804 2485 poesi
829 2393 981 2466 lionam
1004 2397 1183 2488 conscripta
1208 2401 1243 2466 ot

192 2499 391 2594 excogitata,
412 2497 530 2568 Naevii
565 2498 682 2588 poetae
706 2497 803 2564 citam
840 2503 873 2567 et
903 2499 1053 2570 carmina
1076 2497 1242 2568 illustran-

194 2603 235 2672 da
262 2602 335 2671 mihi
359 2599 470 2688 rumai,
495 2597 604 2690 quibus
630 2595 722 2665 dolor
745 2617 856 2666 recens
881 2597 1120 2670 distraheretur.
1167 2597 1244 2668 Non

194 2721 399 2796 speraveram
425 2697 551 2790 quidem
576 2697 657 2788 iore,
683 2703 719 2766 ut
744 2716 843 2788 opera
867 2719 942 2770 mea
964 2700 1027 2771 lrao
1051 2700 1084 2768 in
1119 2720 1155 2768 re
1180 2720 1244 2790 po-

195 2809 258 2876 sita
282 2808 373 2872 tanta
403 2799 562 2870 haeretur
593 2796 669 2866 VV.
703 2795 778 2864 ul).
814 2803 847 2867 et
879 2799 1079 2892 indulgentia
1115 2805 1149 2870 ct
1181 2821 1267 2890 ap·¹

196 2907 323 3000 planen.
373 2899 467 2986 Quod
492 2899 522 2965 si
545 2897 648 2968 minus
673 2898 845 2990 evenisset,
873 2897 994 2992 nereio,
1018 2920 1060 2972 an
1086 2919 1140 2992 ca,
1165 2921 1247 2994 quac

197 3027 259 3076 nec
291 3001 330 3072 alr
363 3001 493 3104 ingenio
527 2999 634 3068 neca
670 2997 815 3067 doctrina
846 3001 1150 3073 commendationem
1172 3024 1248 3072 ma·

199 3127 299 3202 gnam
329 3101 450 3173 habero
477 3101 593 3193 eentio,
627 3103 660 3173 in
684 3101 788 3170 lucem
813 3101 911 3184 edere
935 3108 969 3174 et
992 3100 1066 3173 W.
1090 3101 1166 3172 DI).
1186 3108 1249 3192 ju-

200 3210 291 3280 drciie
323 3223 484 3298 exponere
519 3223 618 3273 auena
650 3196 774 3274 fuerim.
833 3203 898 3298 At,
931 3209 969 3276 ut
1001 3225 1074 3276 cum
1096 3203 1251 3276 Martiale

203 3307 340 3403 (Epigr.
364 3303 392 3375 l.
419 3302 490 3398 17)
515 3303 639 3396 loquar,
658 3303 753 3392 bona,
778 3303 952 3374 mediocria
973 3305 1141 3400 quaedam,
1166 3307 1252 3376 mela

202 3414 298 3506 plura
330 3409 384 3480 lric
416 3406 484 3500 legi
515 3423 702 3497 peramarum
735 3406 811 3473 mihi
849 3405 1023 3500 habebam,
1058 3426 1121 3498 qua
1151 3405 1185 3476 in
1217 3427 1253 3476 ro

205 3535 280 3584 num
303 3529 378 3600 epae
394 3528 468 3577 mea
483 3527 535 3575 rne
561 3497 722 3595 fefellerit,
737 3503 811 3574 W.
832 3505 907 3576 lll).
923 3506 1107 3596 dijudicent.
1133 3503 1254 3594 Quom

206 3615 283 3684 ririe
305 3612 438 3682 literatis
463 3627 526 3678 non
556 3608 682 3676 omnino
706 3604 921 3698 displicuerint
955 3609 1058 3680 hacce
1081 3607 1256 3680 rtudiorum

207 3734 348 3806 meorum
373 3709 543 3802 primitiae,
576 3707 660 3778 Livii
683 3729 806 3800 quoquo
834 3708 1021 3802 Andronici,
1047 3707 1144 3779 llinnii
1169 3711 1255 3778 alio-

208 3838 278 3887 rum
303 3813 486 3905 iragmema
511 3808 715 3902 componendi
753 3814 787 3880 ct
810 3809 986 3880 illustrandi
1007 3811 1169 3880 aemilium
1181 3811 1257 3881 milri

195 3926 272 3996 eat.
324 3915 397 3986 idai
425 3913 607 4006 injustitiam
634 3931 802 3981 censorum
826 3931 889 3980 non
914 3910 1095 3982 reformido.

312 4045 580 4140 placationum
613 4045 750 4137 addam,
775 4067 816 4115 ue
841 4047 1062 4139 negligentiae
1088 4067 1139 4116 mc
1163 4049 1258 4116 incu-

213 4160 298 4244 eent,
322 4153 496 4243 quicunqne
520 4147 660 4220 libellum
685 4169 790 4218 meum
813 4166 876 4216 nou
901 4145 1065 4242 iudignum
1090 4148 1260 4238 habebunt,
1309 4231 1312 4236 ¹

215 4258 266 4345 qui
281 4319 283 4323 .
297 4253 481 4347 diligentius
514 4251 735 4342 perlustratur.
795 4248 992 4340 Fragmenta
1025 4249 1194 4318 Naeviana
1219 4250 1264 4318 ita

217 4358 348 4451 tempsi,
381 4361 416 4423 ut
454 4352 537 4444 apud
562 4351 733 4442 scriptores
757 4349 819 4418 fide
840 4348 955 4444 dignor
980 4351 1097 4441 inveni,
1123 4369 1265 4419 comen·
