2918 4952
541 421 816 498 -161-··

170 617 244 740 auat
260 679 390 769 cautem
410 601 741 754 repamf'salutaat
754 675 854 758 jubae
871 675 1022 740 Albanum
1044 679 1197 740 maleam.

167 776 334 890 maumitem
355 828 460 890 senem
481 832 659 914 scupimttem¹
675 833 787 892 cantra
807 803 976 912 reducenti,
989 823 1168 896 Maenalus.

156 945 330 1025 Nactast)
360 945 457 1021 cod.;
489 937 646 1030 Veiens..
669 947 794 1010 saltaret
823 943 926 1012 turbae
948 942 1111 1012 Albanum
1133 967 1198 1012 mu·

153 1034 228 1096 liram
257 1031 353 1107 cod.;
369 1033 506 1107 ,saluere
530 1030 628 1118 jubet
657 1033 744 1120 conj.
773 1027 882 1097 Ursin.
894 1049 904 1114 3
939 1033 1095 1100 Mmalua
1108 1109 1111 1116 ‚
1125 1033 1210 1099 cod..

151 1116 302 1201 Scaliger
321 1117 368 1182 ita
390 1117 560 1182 emendata
964 1163 980 1196 ,

255 1233 309 1292 ubi
330 1231 442 1312 l'ejens
466 1249 571 1315 regem
593 1230 727 1290 salutata
757 1225 854 1291 iubeo
870 1227 1022 1292 Albanum
1044 1207 1199 1294 Amulium

257 1319 384 1378 comiter
407 1331 511 1378 senem
534 1318 712 1396 sapientem.
745 1317 861 1377 Contra
883 1319 1034 1378 redhostlt
1048 1320 1200 1400 Menalca,

143 1420 248 1510 jubeo
277 1423 440 1489 Albanum
470 1417 634 1488 Amulium
662 1439 723 1506 pro
753 1424 880 1488 saluere
892 1417 995 1511 jubeo
1018 1421 1060 1490 Α.
1083 1422 1125 1490 Α.
1151 1423 1197 1490 di·

152 1519 240 1574 ctum
261 1530 338 1574 esse
358 1511 534 1575 arbitratus
550 1511 612 1592 ²).'
639 1508 772 1593 Optima
803 1529 896 1587 sane,
918 1511 947 1575 si
968 1511 1009 1576 de
1030 1510 1198 1576 literarum
1250 1539 1255 1547 ·

151 1597 252 1660 ductu
267 1595 481 1682 judicandum
503 1605 564 1674 est,
586 1593 793 1674 con‘ectura3
823 1596 885 1660 sed
909 1609 994 1681 quae
1015 1599 1047 1661 ei
1068 1606 1198 1662 senten·

151 1682 199 1748 tia
221 1682 264 1746 sit
285 1683 445 1768 subjecta,
465 1701 519 1747 me
540 1699 615 1746 cum
672 1678 796 1745 uellera
818 1701 885 1746 non
907 1683 1099 1766 perspicere
1121 1703 1198 1748 con·

150 1766 254 1832 fiteor.
299 1766 450 1844 Bothius‚
472 1769 612 1852 probata
631 1767 665 1832 in
687 1767 875 1834 universnm
896 1765 1060 1852 scaligeri
1089 1789 1198 1834 einen·

152 1855 301 1933 datione,
331 1856 384 1918 cel
419 1853 536 1920 Ve’eus
564 1865 673 1919 tamen
702 1853 737 1921 iu
775 1852 874 1918 Vetus
901 1863 1028 1922 mutare
1062 1854 1196 1922 mavult.

148 1939 258 2020 'Quam
287 1959 388 2025 supra
417 1961 435 2006 e
482 1934 569 2018 ibat,
599 1957 674 2004 mea
702 1948 754 2002 est
783 1939 976 2005 emendatio.
1028 1939 1199 2006 Sententia

148 2034 258 2092 'autem
280 2021 366 2091 haec
386 2037 456 2091 est:
478 2019 683 2110 Colloquitur
702 2039 777 2088 cum
797 2019 953 2090 Maenala
976 2027 1118 2110 quodam
1140 2048 1198 2110 pa-

149 2113 264 2177 tricius
287 2114 417 2198 quidam
438 2111 604 2190 Albanum
629 2112 776 2188 doeens,
806 2109 968 2196 quomodo
989 2109 1046 2176 alii
1068 2109 1198 2178 cuidam

147 2197 284 2276 homini,
307 2199 349 2264 de
369 2197 522 2262 Maenala
545 2197 668 2281 optime
696 2197 851 2274 merenti,
882 2193 1009 2281 gratiae
1038 2193 1198 2264 dicendae

150 2283 206 2351 vel
233 2282 426 2349 referendae
453 2285 528 2350 sint.
574 2283 618 2348 Ut
644 2283 731 2347 enim
760 2283 932 2366 graviores
954 2283 1019 2348 slnt
1041 2295 1073 2350 et
1103 2304 1196 2350 accc·

152 2371 278 2455 priores
300 2371 438 2450 gratiae,
469 2385 581 2434 coram
602 2387 681 2450 rege
712 2387 772 2432 ees
799 2367 990 2434 referendas
1010 2389 1087 2434 esse
1109 2371 1199 2450 dicit,

152 2475 249 2542 quem
279 2453 359 2526 illud
385 2472 451 2518 non
480 2473 583 2536 aegre
610 2451 751 2524 laturum
777 2470 856 2518 esse
884 2451 1045 2533 affirmat,
1076 2455 1198 2540 quippe
1274 2465 1277 2474 '

151 2540 209 2626 qui
238 2559 342 2605 senex
373 2540 416 2603 sit
441 2559 552 2606 nomes
573 2546 607 2602 et
628 2537 771 2621 sapiens.
814 2537 956 2604 Mediam
985 2550 1094 2604 eutem
1125 2563 1197 2607 ora·

149 2627 273 2691 tionem
318 2623 521 2708 interrumpit
558 2623 764 2706 importunus
803 2624 933 2712 quidam
974 2632 1010 2690 et
1049 2624 1197 2693 fastidio·

149 2733 223 2790 sus,
245 2731 309 2778 nec
329 2710 478 2776 Albanus
498 2730 561 2778 nee
589 2709 777 2788 Romanus,
806 2710 867 2776 sed
895 2709 993 2778 miles
1019 2711 1083 2794 (ite
1112 2713 1198 2780 enim

47 2849 50 2856 ,
152 2792 296 2882 videtur)
319 2796 483 2882 gloriosus
504 2817 528 2860 e
546 2795 700 2868 Graecia,
731 2796 786 2880 qui
807 2794 906 2878 galea
935 2797 1072 2862 cristata
1099 2818 1196 2864 oma-

151 2895 225 2962 tus‚
254 2883 344 2950 illum
373 2881 537 2964 Albanum
565 2881 731 2954 hominem
757 2882 804 2950 ita
824 2879 956 2948 salvere
972 2885 1086 2968 jubetz
1108 2885 1197 2949 salu·
1292 2935 1296 2944 ,

152 2979 226 3036 taut
238 2969 344 3057 jubae
364 2969 526 3036 Athacum
546 2969 697 3035 melleum
717 2965 741 3030 i:
761 2988 790 3032 e.
813 2969 967 3034 cristatus
993 2985 1056 3052 ego
1079 2979 1112 3035 et
1130 2967 1199 3036 sor·

151 3057 195 3124 tis
217 3070 250 3124 et
271 3055 447 3122 bellicosus
473 3055 581 3122 saluto
604 3064 649 3134 te,
671 3051 836 3122 hominem
856 3053 992 3120 mollem
1010 3066 1044 3120 et
1062 3055 1197 3122 femina·

150 3164 224 3216 rum
246 3159 336 3207 more
356 3133 477 3206 calceis
498 3150 554 3207 aut
575 3139 661 3206 albia
682 3151 740 3206 aut
759 3140 867 3205 rubris
888 3148 1041 3208 uternam.
1085 3141 1198 3228 Regae

151 3231 239 3295 enim
267 3239 300 3293 et
328 3228 494 3312 principes
522 3225 727 3293 Albanorum
756 3223 884 3292 mulleis
911 3225 960 3291 uti
987 3224 1140 3295 solebant
1151 3233 1197 3309 ³),

151 3315 270 3380 deinde
299 3315 397 3378 etiam
417 3313 573 3391 Romani,
624 3312 720 3379 uibus
748 3322 858 3379 tamen
879 3331 993 3382 eorum
1014 3333 1110 3384 usum
1130 3313 1196 3380 Au-

149 3397 295 3470 relianus
317 3401 497 3490 imperator
517 3327 692 3468 interimit.
701 3403 736 3479 ⁴)
970 3397 976 3406 '
1003 3397 1018 3410 ”

239 3507 339 3586 Quod
357 3523 437 3574 vero
458 3507 502 3573 ad
524 3507 698 3592 dictionem
718 3505 844 3589 attinet,
855 3501 974 3597 julum
993 3499 1151 3598 Virgilius
1162 3490 1196 3596 ³)

152 3617 283 3686 quoque
305 3593 423 3682 galeae
445 3594 578 3660 cristam
600 3593 689 3660 dixit.
734 3591 850 3682 Neque
868 3608 952 3677 erat,
974 3597 1116 3686 quadiu
1138 3596 1196 3662 du·

150 3685 229 3770 plici
258 3681 421 3748 ad'ectivo
451 3682 595 3748 coruum
622 3690 656 3748 et
682 3681 860 3766 sapientem
888 3681 1041 3768 Scaliger
1071 3692 1104 3750 et
1131 3681 1195 3748 Βο·

148 3769 237 3868 thius
258 3705 463 3872 ollJenrierent
478 3761 525 3850 ⁶).
566 3763 773 3870 praepositio
794 3779 905 3838 autem
924 3777 1044 3838 contra
1072 3767 1139 3858 vel,
1159 3777 1197 3839 ut

148 3945 360 3972 mua—'uhu

150 4111 154 4122 .
217 4068 247 4134 1)
265 4065 305 4138 cf.
317 4083 391 4140 pap.
409 4071 452 4124 89.
469 4066 529 4122 aaut.
544 4061 569 4125 3·
620 4067 654 4139 2)
679 4057 720 4136 cf.
736 4055 899 4122 Weaterlmr
916 4065 957 4122 uti
978 4063 1087 4120 Turrita
1102 4060 1194 4120 Andre

149 4149 195 4210 tlt.
214 4154 240 4208 a.
257 4156 283 4208 1.
298 4205 301 4212 ,
336 4153 369 4223 3)
387 4150 489 4208 Factam
513 4158 541 4210 et
559 4151 650 4208 Paula
664 4149 787 4208 Dictum
810 4167 884 4225 pap.
900 4155 951 4208 142
964 4157 994 4206 at
1012 4148 1196 4212 aestinatae

131 4233 300 4293 -Muetter's
316 4235 431 4292 Etr-urla.
450 4229 471 4293 Ι.
486 4255 556 4313 pap.
571 4243 621 4296 269
636 4254 715 4312 sqqta
732 4233 866 4292 uectae
887 4233 988 4291 Gallus
1001 4235 1118 4308 ll‘peg.
1133 4237 1195 4292 105«

149 4321 182 4390 4)
207 4317 315 4391 Voptsc·
333 4324 377 4381 49.
427 4325 457 4392 6)
475 4322 551 4390 elatu¹
561 4322 594 4378 11.
610 4326 672 4386 allt-
689 4321 752 4380 vlt.
766 4324 826 4384 785·
871 4319 958 4392 tilcf.
974 4319 1120 4378 Μηίων
1132 4315 1196 4374 lla·

153 4403 244 4461 Andr.
261 4403 373 4480 fragm.
392 4413 524 4484 12119055.
980 4449 984 4458 .
1059 4441 1085 4470 =‚
1121 4447 1125 4464 ,
1199 4431 1201 4438 s
