2918 4952
640 361 916 436 -tten

261 538 405 626 quisset,
432 551 531 629 puto,
558 541 684 620 hinnio,
712 559 798 628 quae
824 539 965 644 lingeret
992 548 1026 606 et
1053 557 1144 644 nova
1159 539 1305 644 ’mtione

259 625 1304 793 :id'intimidi,iltttittz'i‘tz‘tilt‘stratsele

259 809 297 864 ut
323 797 406 864 fides
434 799 505 889 ejas
532 799 743 886 descriptioni
777 810 868 866 esset
897 819 1032 866 summa.
1082 797 1305 866 Nihilominus

260 881 349 951 haud
370 898 527 952 accurate
547 886 664 954 Cicero
685 886 873 971 disputasse
893 885 1040 964 videtur,
1067 905 1142 950 cum
1163 885 1306 970 primum

262 991 393 1058 quoque
431 971 552 1039 heiluru
585 973 742 1038 Punicum
778 973 821 1038 ab
848 971 952 1040 Ennio
985 972 1170 1056 expositum
1198 970 1309 1042 luisse

261 1053 402 1141 piurima
430 1057 617 1151 fragmenta
632 1063 664 1142 1.)
700 1063 869 1129 testentur.
919 1056 1015 1132 Quae
1044 1078 1119 1123 cum
1149 1057 1198 1124 ita
1226 1059 1307 1136 sint,

263 1143 433 1210 Ciceronis
454 1147 557 1212 verba
578 1146 626 1212 ita
644 1143 856 1228 intelligenda
874 1155 970 1226 sunt,
996 1155 1032 1210 ut
1052 1143 1196 1221 Ennius,
1226 1165 1305 1210 cum

260 1229 420 1296 aNaevio
440 1229 507 1298 hoc
528 1231 648 1299 beilum
668 1229 851 1297 luculenter
864 1240 1049 1296 enarratum
1065 1250 1142 1294 erae
1162 1228 1303 1309 videret,
1420 1268 1424 1276 -

260 1313 394 1382 hrevice
414 1317 447 1382 id
468 1321 658 1384 tractaverit
679 1328 713 1382 et
733 1315 889 1395 lectores,
910 1327 947 1382 ut
966 1335 1085 1382 vemas
1101 1314 1151 1381 ilii
1163 1316 1197 1380 io
1214 1316 1302 1381 Nae·

259 1400 349 1468 vium
369 1404 483 1488 scripti
505 1405 642 1483 docent,
674 1403 718 1470 ad
739 1402 944 1468 Naevianum
971 1421 1105 1468 cannen
1131 1401 1304 1487 relegave-

259 1487 321 1566 rit,
350 1487 461 1575 ltaque
481 1491 607 1558 Naevio
637 1489 672 1556 id
699 1489 794 1574 quasi
822 1487 995 1574 reliquisse
1018 1488 1126 1555 dietus
1149 1491 1202 1554 rit.
1243 1487 1303 1554 ffi-

260 1573 416 1641 etorioum
437 1577 535 1660 igitur
555 1577 621 1643 hoc
642 1585 713 1642 erat
734 1579 855 1660 poe'nra
883 1585 916 1640 et
939 1575 982 1640 ad
1004 1574 1098 1658 ipsas
1119 1585 1304 1658 temporam

197 1665 201 1672 ‘
259 1661 406 1727 rationes
434 1674 596 1730 exactum.
638 1662 788 1746 Namque
817 1660 1032 1744 fragmentum
1048 1665 1079 1740 θ)
1109 1670 1234 1743 exstat,
1265 1661 1303 1726 iu

261 1765 325 1832 quc
347 1751 603 1832 per·septimum
624 1749 784 1814 decimum
805 1746 884 1816 belii
899 1767 1024 1812 *annum
1039 1747 1217 1812 exercitum
1232 1747 1302 1811 ao-

260 1852 390 1897 manum
421 1837 537 1900 ecdem
572 1834 649 1905 ioco
688 1833 816 1898 sedisse
849 1843 1018 1912 narratur,
1054 1844 1091 1897 at
1124 1831 1303 1899 verisimile

259 1916 340 1982 mihi
361 1919 488 2004 qnidam
509 1921 571 2000 ait,
592 1922 699 2009 ipsum
722 1939 856 1985 carmen
877 1939 899 1985 a
918 1917 1142 2004 Lampadione
1164 1918 1209 1985 ad
1230 1939 1303 1985 cer·

261 2012 313 2068 tos
334 2025 440 2072 annos
462 2005 678 2086 consulares,
710 2025 795 2091 quos
814 2005 888 2096 ipse
908 2009 1009 2095 polita
1029 2015 1246 2094 respexerat,
1266 2007 1303 2072 in

260 2085 363 2157 iihroa
384 2093 553 2165 redactum
573 2092 677 2163 luisse
692 2095 736 2178 i).
1082 2149 1084 2153 .

346 2211 443 2286 Quod
466 2234 546 2280 vero
565 2213 611 2298 ad
633 2215 718 2281 duos
738 2209 841 2280 libros
862 2211 991 2296 priores
1013 2209 1147 2290 attinet,
1180 2209 1204 2276 ii
1226 2229 1303 2278 oum

262 2299 474 2384 sequentibus
493 2301 540 2372 ita
562 2299 703 2372 connexi
722 2297 864 2380 fuerunt,
885 2309 920 2362 ut
942 2317 1116 2376 summam,
1136 2295 1303 2382 ingentem

261 2379 332 2454 iere
354 2385 506 2465 eliceam,
536 2385 701 2460 licentiam
730 2385 793 2454 sihi
812 2383 1003 2470 permisisse
1025 2383 1171 2455 Naevius
1193 2383 1303 2448 dicen

261 2467 323 2538 dus
344 2471 397 2541 sit.
439 2471 588 2558 Namque
616 2471 790 2568 mythicam
812 2471 939 2543 Romae
968 2479 1000 2539 et
1022 2468 1232 2554 Carthaginis
1253 2469 1304 2535 hi·

260 2555 397 2626 storiam
425 2561 594 2643 praemisit
622 2559 806 2625 enarrando
836 2555 923 2623 heiio
945 2555 1070 2622 Punico
1104 2557 1210 2640 primo
1242 2557 1303 2636 ita,

260 2650 297 2706 ut
317 2643 467 2727 omissis,
496 2667 582 2736 quae
603 2646 679 2718 inde
700 2665 723 2709 a
744 2643 877 2714 condite
896 2641 1005 2714 Roma
1032 2661 1137 2730 usque
1158 2642 1201 2706 ad
1223 2641 1303 2728 helii

260 2725 353 2798 initia
380 2729 469 2804 faeta
498 2744 611 2814 erant,
642 2753 665 2798 a
692 2731 792 2798 rebus
819 2729 962 2814 antiquis
992 2729 1102 2796 statim
1134 2727 1178 2794 ad
1207 2747 1303 2794 suam

260 2825 403 2886 aetatem
430 2820 602 2898 transiret,
630 2813 782 2901 neglecto
835 2814 1122 2898 uadringentorum
1142 2835 1304 2880 annorum

242 2903 380 2987 spatio.
422 2903 532 2993 Atque
559 2905 625 2976 hoc
657 2925 721 2990 quo
745 2922 787 2968 ue
812 2835 891 2967 loco
920 2900 1081 3000 Naevium
1111 2899 1304 2971 historicum

260 2989 386 3072 magis,
418 3011 515 3075 quam
537 2995 669 3079 politam
691 2923 821 3076 egeae,
844 2988 1094 3054 demonstratur.
1137 2985 1183 3052 Ut
1203 2987 1303 3066 enim,

221 3141 235 3164 ,Ι
260 3075 530 3164 quemadmodum
552 3099 661 3146 rerum
692 3077 871 3166 scriptores
900 3072 1010 3140 iacere
1032 3072 1158 3155 solent,
1185 3073 1304 3138 utrius·

261 3181 325 3250 que
347 3165 453 3247 gentis
486 3175 519 3229 et
539 3163 760 3236 Romanorum
791 3170 825 3227 et
852 3157 1170 3244 Carthaginiensium
1198 3158 1303 3224 inimi·

261 3247 357 3316 citias
385 3251 429 3319 ab
459 3249 571 3318 citima
602 3249 668 3319 anti
694 3249 793 3316 uitate
821 3254 1002 3332 repeteret,
1036 3245 1147 3330 itaque
1180 3264 1304 3312 causas

258 3335 401 3401 maxime
437 3337 623 3410 reconditas
658 3271 836 3405 illustraret
868 3342 901 3398 et
932 3329 1055 3399 auxilie
1085 3343 1302 3410 enumeraret,

209 3447 213 3454 ⁴
259 3421 419 3506 prooemii
439 3423 543 3488 instar
563 3433 734 3508 utrunque
755 3419 845 3491 illum
866 3419 982 3485 librum
1004 3417 1180 3506 praemisit
1224 3417 1303 3484 Noli

258 3525 340 3571 vero
362 3509 533 3588 arbitrari,
566 3508 598 3572 in
621 3507 675 3573 his
696 3527 826 3593 quoque
847 3506 984 3574 eundem
1006 3511 1105 3589 atquo
1125 3503 1158 3568 in
1182 3505 1303 3584 ceteris

258 3590 352 3661 libris
380 3615 457 3661 sese
488 3593 675 3660 exhibuisse
702 3592 871 3657 Naevium.
920 3591 1006 3657 Nam
1036 3591 1070 3654 in
1099 3588 1303 3661 illustrandis

258 3681 359 3750 rebus
379 3679 446 3746 iilis
475 3679 636 3752 fabulosis
666 3688 700 3743 et
727 3679 760 3743 in
792 3675 990 3757 celebranda
1011 3675 1182 3742 Romanae
1203 3678 1302 3761 origi-

257 3767 312 3836 nie
340 3765 448 3851 gloria
483 3766 616 3852 poetico
654 3764 790 3832 incessit
820 3775 939 3830 ornatu
967 3773 1001 3828 et
1027 3783 1097 3826 rem
1132 3782 1226 3827 suam
1255 3763 1304 3830 ita

258 3865 436 3920 exsecutus
466 3863 534 3930 est,
571 3864 606 3917 ut
634 3850 790 3936 Virgilius
820 3872 839 3916 a
867 3849 985 3916 Naevii
1013 3848 1125 3933 potius
1152 3859 1303 3916 stercore

258 3939 322 4027 (ita
342 3940 427 4011 enim
448 3939 543 4020 dicit)
565 3957 699 4009 aureum
727 3957 821 4006 suum
852 3934 938 4005 ccilc
974 3955 1029 4006 sse
1056 3934 1215 4004 dicendus
1245 3935 1301 4012 sit,

258 4045 357 4112 quam
379 4047 421 4091 ex
442 4025 535 4090 Ennii
559 4022 762 4100 AnnalibuS,
795 4021 849 4088 vei
879 4022 920 4086 du
940 3955 1000 4086 ῗὲκ
1028 4017 1150 4085 lurtum
1177 4021 1302 4093 laetum

258 4114 314 4198 sit,
336 4113 434 4182 Ennii
455 4133 475 4178 e
494 4111 610 4181 Naevii
632 4109 728 4218 bello¹
741 4109 881 4218 Punico,
935 4103 1033 4192 irgilii
1048 4127 1097 4214 ex
1118 4107 1216 4180 Ennii
1231 4107 1302 4174 An-

256 4261 465 4280 mun—q,

327 4357 356 4428 t)
374 4351 413 4427 ef.
429 4356 477 4415 iib-
494 4354 551 4414 Vll.
603 4357 633 4422 2)
650 4354 695 4415 Vi·
716 4357 738 4416 i.
790 4359 820 4424 5)
838 4353 878 4430 cf·
893 4369 963 4430 pap.
981 4357 1024 4414 ³2.
1147 4381 1158 4392 ·-
