2864 4944
545 417 794 496 ..59..

149 616 188 666 sn
211 597 277 664 alia
300 601 401 664 verbu
430 601 686 665 substitueruntt.
731 599 807 666 Jarn
828 619 909 666 vero
932 620 1006 664 curn
1020 603 1147 666 auceia
1160 611 1194 666 et

148 684 397 768 sanguinolenta
425 698 502 752 exta
523 707 588 752 non
611 686 736 774 porrigi
757 688 898 766 scirent,
922 695 1019 751 cntra
1040 708 1100 772 pro
1116 696 1194 753 enta

150 775 383 859 conjeceruntt.

237 892 450 979 conjungunt
477 889 566 957 huno
586 911 717 960 versum
737 889 878 970 Merula,
902 891 1195 977 Spangenbergius

151 991 184 1044 et
206 977 392 1046 Schucttius
421 998 494 1043 cum
523 975 590 1048 aliu
621 977 827 1062 fragmento,
860 977 947 1062 quod
977 998 996 1042 e
1025 990 1140 1062 quarto
1156 978 1196 1044 11-Ι

150 1067 210 1134 bro
232 1065 316 1128 idem
338 1063 464 1128 Nouius
494 1063 638 1130 servavit
654 1070 695 1145 ¹).
741 1062 889 1132 Temere.
912 1063 1028 1129 Sermo
1051 1085 1127 1129 esse
1148 1066 1194 1129 vi·

151 1151 245 1219 detur
266 1150 307 1216 de
331 1150 368 1214 C.
385 1148 483 1217 Duilli
506 1147 687 1232 triumpho,
710 1149 772 1216 nisi
789 1171 905 1215 versus
927 1149 970 1213 ad
994 1149 1196 1232 Scipionum,

152 1237 190 1303 C.
212 1235 333 1320 Aquilii
354 1235 466 1312 Flori,
498 1233 535 1298 C.
558 1234 694 1319 Sulpicii
715 1235 898 1311 Paterculi,
931 1234 963 1300 A
985 1234 1076 1300 Atilii
1100 1235 1195 1302 Cala·

152 1322 209 1386 tini
231 1333 287 1387 aut
309 1321 347 1386 C.
368 1319 459 1385 Atilii
480 1319 602 1403 Reguli
625 1319 806 1404 triumphos
834 1321 982 1404 pertinet.
1026 1322 1063 1385 In
1087 1323 1197 1386 trium-

152 1407 228 1492 phis
261 1408 347 1471 enim
375 1402 536 1474 {sacrificia
562 1405 653 1471 iacta
680 1417 713 1470 et
745 1407 898 1474 convivia
927 1404 1094 1474 celebrato
1120 1428 1199 1476 esse

151 1504 281 1568 constat
294 1497 337 1574 2).

643 1607 690 1673 ’3.

133 1737 136 1746 ’
214 1731 381 1797 'Isidorus
416 1731 448 1794 ln
486 1728 571 1794 libro
608 1728 649 1793 de
677 1739 795 1794 natura
828 1731 1001 1816 rerum³):
1031 1733 1200 1813 flustra

153 1826 257 1884 motus
289 1821 390 1885 maris
419 1819 490 1882 sine
524 1823 710 1899 ternpertate
741 1815 940 1902 fluctuantis.
987 1815 1135 1887 Naeuius
1159 1821 1214 1896 in,

153 1905 238 1970 bello
265 1904 408 1969 Poenico
431 1905 466 1966 in
488 1903 703 1985 inscriptione
723 1901 812 1987 qnod
832 1904 900 1967 aii:

279 2029 466 2088 iteneririae
478 2029 652 2091 -lrcntictne
673 2028 801 2088 nizibeni
822 2029 855 2086 in
874 2025 1008 2104 fluente.

154 2150 191 2210 nt
211 2146 239 2208 si
262 2143 404 2210 dienen
424 2145 468 2209 in
488 2145 595 2209 saio.

239 2263 342 2329 Recte
362 2283 511 2340 versum,
545 2263 673 2347 dequo
704 2259 931 2326 constituendo
961 2257 1138 2343 desperare
1161 2281 1199 2328 se

155 2347 330 2414 confitetur
357 2349 566 2426 schuetnus,
596 2347 734 2430 digessit
765 2346 1075 2432 Spangenbergius,
1111 2346 1203 2414 hiatu

155 2433 309 2502 admisso.
351 2433 440 2498 Bene
461 2435 558 2497 etiarn
579 2433 613 2494 in
635 2432 809 2496 scribendo
833 2431 1030 2496 leporariae
1050 2444 1083 2496 et
1102 2433 1202 2499 ionu-

157 2526 227 2587 atue
249 2528 381 2582 secutus
404 2528 454 2582 est
474 2517 591 2582 librum
612 2517 885 2601 manuscriptum,
917 2537 991 2582 cum
1013 2517 1204 2588 Schuettius

155 2603 318 2688 aspiratus
341 2602 474 2668 exulare
492 2602 605 2694 jubeat
620 2602 663 2688 ⁴).

241 2724 438 2790 Dubitarunt
459 2721 531 2786 Viri
552 2721 649 2787 Docti
671 2741 786 2786 omnes
816 2720 857 2783 (le
886 2720 1061 2785 verborum
1092 2725 1128 2787 in
1150 2727 1201 2788 in-

157 2811 336 2892 scriptione
368 2811 419 2874 vel
449 2809 648 2892 ingenuitate
677 2805 732 2898 pel
755 2803 950 2888 significatu.
995 2805 1070 2870 Non
1091 2809 1203 2892 pudet,

157 2917 263 2962 meam
286 2897 327 2960 de
347 2894 400 2958 his
426 2895 537 2958 verbis
565 2912 751 2977 proponere
774 2889 978 2957 sententiam.
1026 2891 1204 2979 Inscriptio

158 2981 201 3048 ad
224 2980 407 3046 columnam
428 2979 527 3046 Duilli
549 2990 742 3057 rostratam,
771 2978 804 3042 in
836 2996 900 3061 qua
921 2993 1008 3041 nunc
1038 2981 1135 3046 etiam
1158 2981 1204 3047 le·

159 3068 246 3150 gitur
260 3071 310 3149 ⁵),
342 3069 490 3151 pertinet.
529 3065 650 3136 Sermo
674 3076 725 3130 est
747 3065 788 3132 de
812 3063 918 3147 captis
939 3083 961 3128 a
981 3064 1091 3132 Duilio
1114 3069 1206 3134 navi·

158 3157 238 3220 bus.
276 3154 318 3217 de
348 3155 464 3238 quibus
501 3151 533 3218 in
573 3153 648 3236 ipso
677 3151 892 3235 inscriptione
922 3147 1007 3214 hoec
1035 3152 1206 3236 legunturt

160 3237 320 3312 xxeVE
340 3239 479 3302 Navius
506 3239 623 3304 cura'l'
642 3234 937 3306 CVM'SOCIEIS.
971 3233 1091 3303 Possis
1108 3242 1206 3306 etiam

161 3413 367 3428 v—-u——d--O-

230 3519 257 3587 l)
275 3517 363 3580 Vl.l;
391 3516 422 3588 i)
444 3517 599 3570 Romaene
606 3511 673 3566 dem
684 3510 856 3584 Eupiiacten
870 3509 1125 3578 carmeianen
1134 3513 1208 3572 Heu-

159 3606 256 3676 sinper
265 3619 337 3676 pap.
350 3600 406 3654 105.
441 3599 472 3670 3)
491 3601 522 3652 tn
533 3598 612 3653 Facti
619 3597 743 3655 editione
751 3595 943 3654 Mroeiiniona
946 3615 1018 3672 pap.
1026 3599 1077 3654 382
1101 3607 1131 3655 et
1139 3599 1209 3656 Sue-

163 3690 237 3741 touii
260 3685 403 3759 Wolfiona
420 3675 463 3738 ΙΙΙ.
480 3701 548 3755 pop.
568 3683 610 3738 76.
647 3682 789 3738 laidet-um
806 3683 991 3754 injecturi,
1010 3702 1093 3755 quem
1109 3703 1209 3740 munn-

161 3774 303 3844 ecriptum
323 3771 481 3827 (iconiense
509 3767 677 3824 Schuettius
701 3786 765 3822 cum
793 3767 1026 3842 Spanpcnberpio
1050 3771 1139 3836 dicit,
1160 3772 1210 3826 an‘·

163 3862 274 3910 ctorem
290 3874 358 3921 cuso,
376 3856 488 3912 docebit
506 3862 534 3910 te
550 3853 702 3910 Ιιονεοὴίηε
723 3857 754 3907 in
773 3853 912 3907 zeitschr.
928 3851 980 3922 fiir
997 3853 1208 3927 Altertltnmcw.

165 3939 240 3994 1811.
259 3958 332 4013 pap.
359 3942 433 4002 ult.
486 3942 515 4010 l)
533 3939 633 3999 Duker
658 3939 699 3993 od
724 3938 843 3994 Florum
864 3957 933 4011 pap.
957 3937 1016 3992 918.
1044 3942 1087 3995 ed.
1112 3941 1210 4014 Πρω

164 4023 232 4076 inde
247 4022 361 4093 focium
380 4031 432 4089 act,
450 4024 576 4080 utuerbo
594 4040 762 4079 onerare
780 4032 809 4080 et
832 4025 1027 4081 honorare
1044 4032 1211 4101 saepissime

164 4107 397 4177 confundantur:
422 4107 628 4164 Drakenborch
652 4109 693 4166 aci
709 4111 770 4167 Liu.
789 4111 835 4169 lv.
856 4113 895 4167 13.
915 4113 964 4182 133
988 4111 1100 4166 XXXV.
1120 4114 1160 4167 ll.
1178 4113 1212 4177 ὃς

166 4190 296 4246 Benecke
317 4194 357 4248 ad
381 4195 481 4250 Iuntin-
507 4195 586 4250 Pin.
606 4195 640 4250 V.
657 4197 683 4251 i.
704 4197 744 4251 13.
795 4203 825 4267 5)
842 4204 874 4254 in
897 4201 1022 4253 editione
1047 4197 1129 4252 Fieri
1150 4196 1210 4254 Dri-

168 4277 291 4334 lceriana
313 4297 384 4354 pap.
408 4280 462 4336 85³
493 4281 538 4336 ed.
570 4281 669 4355 Dipo„-
693 4289 722 4339 et
747 4283 827 4356 opud
855 4281 1064 4352 Grotefendum
1086 4301 1211 4357 prunam.

167 4363 266 4420 Latin.
283 4363 317 4420 11.
329 4382 401 4440 paq.
421 4365 480 4422 295.
500 4366 569 4421 edit.
586 4367 606 4420 l.
1123 4381 1126 4386 ·
