2890 4948
614 429 890 502 -128-

226 613 326 700 posui
346 609 435 690 loco,
451 611 538 697 quod
559 607 688 676 mediae
707 608 792 674 inter
808 618 965 694 utrasque
984 609 1116 694 ingenio
1139 627 1201 674 suo
1222 627 1275 675 es·

229 719 269 766 se
290 699 450 764 videntur.
469 775 471 778 ¹
494 698 560 762 Sed
582 695 649 763 alia
668 697 799 762 accedit
820 716 934 774 causa,
957 715 1016 763 cur
1036 697 1080 760 ab
1097 695 1276 779 interprete
1366 695 1374 706 '

179 839 180 845 ,
229 785 377 852 secundo
407 782 483 848 loco
511 794 753 848 recenseantur.
796 782 881 847 Nam
902 781 936 846 in
965 781 1178 865 disponendis
1209 793 1274 848 tra·

229 870 419 956 goediarum
440 869 634 958 fragmentis
657 863 728 934 fieri
750 878 870 953 potest,
892 877 939 946 ut,
954 868 1199 950 ducibusipsis
1216 889 1273 933 ve-

200 957 203 963 ’
228 970 332 1023 terum
355 957 396 1020 de
418 955 488 1021 Diis
511 967 543 1022 et
564 955 719 1020 heroibus
740 953 992 1033 narrationibus,
1011 953 1104 1018 locus
1126 955 1272 1018 invenia-

114 1097 125 1102 -
227 1054 298 1121 tur,
339 1064 402 1126 quo
433 1041 581 1126 singulas
610 1040 766 1126 reliquias
795 1042 838 1105 ab
871 1039 953 1124 ipsis
990 1041 1098 1124 poetis
1129 1041 1273 1125 scriptas

228 1129 393 1216 quondam
415 1147 490 1192 esse
511 1128 687 1192 verisimile
709 1137 771 1206 est,
793 1128 984 1211 praesertim
1007 1137 1139 1204 cum,ut
1161 1127 1192 1189 in
1209 1128 1273 1212 Ly·

177 1275 181 1284 ,
228 1235 330 1299 curgo
360 1214 518 1292 fecimus,
540 1215 583 1279 ad
609 1213 811 1279 Graecarum
839 1211 1023 1277 fabularum
1052 1214 1273 1296 superstitum,

226 1322 314 1388 quae
335 1301 530 1366 aRomanis
550 1301 658 1384 poetis
681 1312 738 1364 aut
750 1296 930 1364 translatae
952 1308 1008 1362 aut
1029 1297 1061 1360 in
1077 1318 1171 1364 usum
1194 1320 1271 1364 con·

118 1430 119 1434 =
226 1407 345 1452 versae
367 1397 482 1465 erant,
517 1387 676 1452 rationem
698 1398 731 1450 et
751 1405 899 1450 normam
921 1405 994 1449 cum
1024 1382 1182 1468 explicari
1204 1398 1271 1451 tum

226 1473 358 1558 disponi
379 1494 480 1558 saepe
503 1474 642 1556 possint.
686 1472 783 1546 Quod
812 1472 918 1535 minus
939 1471 971 1534 in
994 1471 1116 1554 togatis
1146 1473 1273 1536 contin-

226 1562 274 1644 git
294 1558 435 1637 fabulis,
467 1579 603 1645 quarum
633 1568 827 1642 argumenta
858 1558 987 1641 quidem
1009 1567 1088 1621 nota
1119 1577 1196 1622 esse
1217 1579 1272 1622 so·

224 1644 305 1724 lent,
328 1645 387 1710 sed
412 1646 524 1727 ignota
546 1645 630 1709 ratio
654 1654 715 1723 est,
738 1666 802 1730 qua
823 1655 922 1727 poeta
943 1663 1012 1706 rem
1035 1664 1128 1707 suam
1150 1655 1271 1726 tracta

223 1733 324 1810 verim
356 1731 494 1795 ducibus
516 1731 601 1794 enim
624 1730 764 1796 Graecis
792 1729 858 1794 boc
880 1727 1009 1813 quidem
1031 1727 1106 1793 loco
1128 1731 1270 1796 *omnino

224 1837 369 1902 egemus.
412 1818 447 1881 ln
471 1817 650 1881 comoediis
671 1828 779 1881 autem
803 1836 866 1880 nec
888 1814 1021 1880 fabulae
1042 1829 1270 1900 argumentum
1314 1813 1319 1834 '

223 1915 335 1970 notum
357 1913 419 1982 est,
440 1922 513 1966 cum
534 1921 589 1967 res
611 1923 701 1966 mere
722 1901 819 1967 lictae
840 1911 1031 1979 tractentur,
1055 1913 1098 1978 et,
1122 1905 1271 1987 quamvis

224 1988 385 2076 plurimae
407 1988 629 2054 Romanorum
657 1987 791 2054 fabulae
814 2008 834 2052 e
857 1987 995 2053 Graecis
1024 1989 1183 2072 exemplis
1214 1989 1270 2054 de*

225 2087 352 2142 sumtae
372 2075 454 2154 sint,
485 2095 527 2140 ne
548 2073 612 2141 has
643 2075 772 2159 quidem
794 2085 909 2138 nostra
929 2072 1011 2138 vidit
1039 2085 1142 2140 actas.
1187 2075 1269 2140 Gra·

223 2162 392 2227 vissimum
415 2159 495 2224 illud
517 2171 587 2240 est,
611 2161 708 2245 qnod,
732 2171 767 2224 ut
788 2159 874 2225 infra
906 2160 1213 2239 demonstrabimus,
1235 2163 1270 2228 in

204 2247 404 2314 comoediis
426 2249 496 2311 suis
526 2257 616 2311 totus
644 2247 714 2312 lere
736 2269 756 2310 a
777 2267 815 2311 se
844 2247 918 2330 ipso
941 2245 1087 2310 Naevius
1116 2258 1202 2326 stat,
1224 2248 1270 2314 ita

221 2334 309 2412 dico,
330 2343 367 2400 ut
388 2343 531 2397 veterem
554 2333 737 2399 Atticorum
758 2332 947 2398 imitandam
982 2333 1044 2397 sibi
1071 2345 1271 2417 proponeret

222 2421 436 2502 comoediam,
458 2421 543 2484 unde
565 2430 715 2504 apparet,
742 2418 811 2484 lieri
833 2419 1021 2502 neutiquam
1043 2421 1209 2501 potuisse,
1233 2431 1270 2486 ut

220 2505 409 2590 Eupolidis,
432 2504 576 2585 Cratini,
597 2503 830 2590 Aristophanis
851 2505 982 2570 fabulas
1005 2504 1120 2570 Latino
1144 2527 1268 2571 sermo-

221 2613 266 2658 ne
286 2593 492 2674 exprimeret.
536 2591 605 2658 Sed
628 2591 670 2657 de
691 2591 756 2656 bac
777 2613 814 2656 re
846 2590 932 2658 inira
962 2591 1189 2674 disputabitur,
1212 2592 1266 2658 ubi

220 2679 254 2745 id
275 2679 375 2744 etiam
397 2697 545 2761 agemus,
565 2677 869 2760 utWelckerum1)
893 2688 1025 2760 togatas
1039 2677 1170 2746 fabulas
1180 2676 1265 2744 Nae·

219 2766 274 2831 vio
302 2763 420 2838 in'uria
449 2763 659 2852 abjudicasse
680 2773 850 2849 appareat.
898 2763 1043 2851 Collegit
1070 2776 1266 2850 togatarum,

219 2871 304 2938 quas
326 2786 472 2916 illaavius
495 2852 641 2935 scripsit,
661 2850 847 2917 fabularum
869 2848 1055 2935 fragmenta

218 2967 379 3032 Neukirclt
402 2963 457 3042 (dc
478 2965 585 3025 sabula
606 2971 712 3046 togata
734 2969 953 3027 Romanorum.
997 2967 1159 3026 Accedunt
1175 2967 1266 3026 labu-

345 3051 443 3110 laruru
464 3053 638 3131 togatarum
661 3053 819 3129 reliquiae.
847 3055 969 3130 Lipsiae
994 3050 1104 3128 183³).

281 3250 316 3294 α.
359 3229 604 3310 Togatarum
626 3236 932 3312 praetextatum
954 3231 1196 3311 fragmenta.

652 3383 822 3452 Romulus,

301 3499 430 3582 Togata
452 3509 504 3564 est
523 3511 728 3584 praetextata
741 3507 784 3585 2).
809 3501 924 3587 quales
945 3497 1087 3576 fabulas,
1109 3507 1145 3562 ut
1168 3509 1261 3582 toga·

214 3596 268 3652 tas
288 3588 503 3666 tabernarias,
526 3588 651 3670 primus
674 3591 859 3673 composuit
876 3587 1021 3653 Naevius
1035 3589 1077 3670 ³).
1123 3585 1262 3650 Comoc·
1324 3651 1330 3660 ,

215 3673 301 3740 diam
312 3671 484 3736 Romulum
506 3672 610 3738 fuisse
628 3675 705 3739 mibi
722 3676 851 3760 quidem
870 3671 1047 3738 verisimile
1065 3691 1131 3736 non
1147 3682 1199 3737 cst
1210 3675 1261 3754 4);

213 3779 257 3824 ue
279 3757 472 3824 Clastidium
495 3760 624 3843 quidem
646 3781 738 3826 mera
761 3760 932 3826 comoedia
952 3757 1035 3824 luit..

272 3865 353 3934 ¹An
382 3879 483 3935 totam
507 3868 637 3935 Romuli
667 3871 768 3936 vitam
789 3871 855 3937 hac
882 3866 998 3937 sabula
1018 3863 1165 3932 Naevius
1194 3878 1259 3956 tra·

213 3955 365 4036 ctaverit,
384 3956 544 4022 incertum
566 3968 617 4022 est
624 3975 635 4038 3
664 3955 814 4024 infantuli
844 3977 925 4023 vero
954 3969 1072 4020 recens
1102 3953 1169 4020 uati
1190 3953 1260 4022 fata

215 4117 417 4134 *nn—u·-

231 4235 233 4241 Δ
280 4204 308 4271 1)
336 4195 990 4278 DteGrteca.Yrapoedteapay.1345aot.
1048 4198 1079 4267 2)
1104 4199 1260 4256 Neulircb.

212 4290 232 4345 l.
250 4291 270 4346 1.
283 4307 354 4364 pap.
373 4293 414 4346 29.
432 4291 466 4343 23
480 4305 538 4358 sqq.
590 4289 621 4358 3)
642 4287 788 4344 Nmtlirclr
804 4289 824 4345 t.
838 4289 857 4344 1.
870 4305 943 4364 pap.
958 4292 1001 4346 66.
1053 4287 1085 4360 4)
1106 4291 1144 4360 cl.
1161 4287 1260 4361 Lanae

211 4375 316 4430 vindic.
329 4391 400 4445 pap.
420 4372 461 4428 14.
488 4379 546 4426 not.
568 4378 607 4430 18.
1144 4397 1145 4404 .

1394 2356 1402 2376 '
1436 2391 1442 2482 t
