2864 4944
529 352 935 434 x-ss-noa

229 537 271 604 da
297 536 490 606 tabularum
526 537 766 623 triumphalium
803 535 1069 623 inscriptionibus
1104 535 1286 618 -eogitrraj

231 621 348 726 quales
369 626 402 690 in
425 626 562 691 aedibus
582 625 725 690 Deorum
755 643 937 707 suspensas
960 635 994 690 et
1014 621 1126 688 verbis
1146 619 1269 704 glorio·

232 711 281 774 sis
302 713 478 794 inscriptas
500 712 620 788 fuisse,
650 731 691 775 ea
713 721 856 774 veterum
879 709 972 787 loca,
995 731 1081 793 quae
1100 707 1270 789 mrigessit

231 795 408 870 laerschius
423 801 467 880 1),
489 799 712 882 comprobant.
755 795 844 862 Malo
866 805 974 860 tamen
997 795 1081 858 baec
1101 795 1205 857 verba
1227 793 1269 856 da

229 881 381 946 columna
408 893 551 948 rostrata
581 884 752 968 accipere,
787 892 823 945 ut
844 880 957 965 larga,
988 900 1073 966 quae
1093 877 1202 942 Duilio
1226 899 1269 941 ex

230 967 369 1032 victor-ia
388 987 451 1034 sua
473 969 663 1052 contigerit,
686 967 832 1052 praeda,
853 987 918 1051 qua
939 985 1057 1031 secure
1078 967 1124 1029 nti
1148 963 1268 1032 Roma-

227 1054 280 1116 nis
308 1052 451 1134 licuerit,
481 1056 692 1119 describatur,
744 1051 846 1118 Falso
876 1056 907 1118 in
939 1053 1120 1119 secundnm
1150 1048 1268 1114 librum

227 1137 334 1202 intulit
354 1139 420 1202 lroo
441 1140 657 1222 fragmentum
673 1139 975 1226 Spengenbergius,
997 1137 1194 1224 pedetentim
1215 1151 1268 1200 se-

225 1235 344 1309 quente
365 1225 544 1292 Schuettio.
958 1237 964 1252 '

734 1343 765 1410 4.

312 1463 569 1543 Priscianus²):
611 1465 776 1530 turatino
813 1465 909 1527 etiam
948 1465 1084 1546 simplex
1125 1461 1267 1538 decor,

229 1549 404 1615 decoris
425 1552 604 1632 peortltiuro
625 1557 781 1632 correpta
796 1548 887 1633 opud
902 1551 1140 1626 uetustissimos,
1153 1566 1267 1632 »qutun-

229 1637 273 1700 do
305 1655 369 1718 pro
407 1637 608 1712 decorus,
646 1635 826 1712 decoro,
866 1634 1063 1700 decorant
1094 1635 1266 1718 accipitur.

233 1721 380 1791 Naeuius
400 1723 434 1786 ia
455 1723 600 1787 carmine
621 1719 697 1787 belli
722 1719 857 1786 Parim:

312 1839 514 1916 muyncimque
538 1840 658 1900 domum
678 1839 880 1916 decorbmque
901 1837 993 1898 dcam
1013 1834 1176 1894 rexerdttt.

229 1953 370 2008 uerrunt
391 1943 463 2008 cod.
479 1943 778 2021 Zwiccaviensis13
801 1951 962 2008 curarunt
978 1941 1100 2010 Zwicc.
1117 1943 1158 2016 ΙΙ,
1186 1941 1265 2004 Her·
1295 1949 1298 1955 '

231 2051 371 2094 mannus
393 2039 426 2093 et
447 2027 652 2109 Schnettins'3
684 2037 804 2095 arenant
825 2027 962 2093 Paullin.
981 2029 1020 2091 ΙΙ.
1065 2027 1264 2104 Schuettius,

229 2115 382 2202 neglecto
405 2115 564 2182 Prisciani
597 2115 782 2179 testimonio
815 2116 856 2178 de
886 2125 1037 2196 correpta
1058 2115 1152 2179 vocis
1173 2113 1267 2179 deco·
1327 2125 1328 2128 ’

229 2221 297 2270 retu
318 2199 507 2286 penultima,
529 2207 699 2286 ejectaque
723 2199 883 2284 particula
906 2199 1078 2264 errclitiea:

372 2317 512 2395 magatro
534 2317 656 2376 demum
680 2317 820 2378 decorem
843 2315 937 2377 ditem
960 2316 1115 2374 vexerant.

311 2419 355 2489 Et
383 2418 449 2483 hou
477 2432 510 2484 et
540 2422 625 2505 quod
654 2421 822 2504 praeeedit
851 2421 1066 2504 fragmentum
1096 2421 1267 2504 Spargen·
1293 2478 1297 2484 ,

227 2505 360 2588 bergius
390 2523 463 2570 cum
493 2527 597 2590 eoque
626 2505 816 2572 Schuettius
844 2509 884 2571 ad
914 2517 1030 2571 auctas
1060 2507 1266 2592 Carthaginis

227 2612 345 2656 recens
367 2592 517 2657 conditae
540 2613 621 2675 opes
642 2595 807 2677 respicere
829 2591 1047 2671 arbitrantur,
1070 2593 1164 2678 cujus
1187 2595 1264 2657 uivi-

226 2679 303 2744 tatis
325 2688 466 2742 onustae
497 2697 629 2760 semper
656 2700 761 2743 naves
789 2679 960 2742 onerariae
989 2681 1022 2744 in
1045 2680 1126 2744 mari
1148 2678 1266 2745 fuerint

228 2764 382 2852 virosque
410 2763 531 2828 divites
558 2773 598 2828 et·
621 2765 762 2829 decoros
783 2765 941 2828 vexarint.
984 2765 1029 2832 At
1049 2765 1265 2848 fragmentum

227 2851 430 2934 praecedens
458 2849 545 2913 tertii
571 2847 646 2916 libri
667 2871 744 2916 esse
764 2870 806 2915 err
827 2851 910 2934 ipsis
930 2851 1046 2916 lsidori
1078 2854 1189 2916 verbis
1207 2872 1265 2941 ap·

227 2946 335 3020 paret,
348 2934 392 3002 de
409 2935 526 3018 quibus
543 2955 627 3021 quae
647 2939 802 3012 sennam,
824 2947 926 3018 supr‘u
945 2939 1101 3021 exposuit
1132 2937 1193 3002 bio*
1206 2959 1265 3002 au·

226 3033 292 3088 tem
312 3021 444 3087 omnino
465 3040 531 3084 uon
552 3021 683 3099 dubito,
712 3022 790 3106 quin
818 3021 863 3084 ad
890 3041 1009 3086 navem
1038 3023 1126 3090 illam
1155 3023 1263 3108 splen·

228 3106 430 3170 didissimam
467 3104 674 3187 saptiremcm
711 3104 919 3188 Hannibalis,
950 3109 1042 3173 ducis
1071 3111 1265 3188 Poenorum,

230 3193 410 3276 pertineat,
439 3211 522 3275 quae
543 3203 641 3260 antea
660 3192 768 3257 suerat
790 3191 905 3276 Pyrrhi
926 3195 1023 3278 regis.
1066 3195 1160 3260 Hunc
1179 3198 1267 3264 eninr

228 3300 303 3344 cum
336 3278 457 3360 triginti
493 3276 568 3342 aliis
601 3281 740 3342 navibus
771 3277 906 3356 Punicis
935 3302 956 3344 a
986 3280 1094 3348 Duilio
1135 3295 1265 3365 captam

228 3385 321 3445 esse,
349 3375 382 3426 et
403 3361 561 3445 Polybius
576 3365 607 3443 3)
632 3375 665 3428 et
686 3364 825 3430 Orosius
836 3370 867 3443 ⁴)
892 3375 924 3430 et
940 3367 1019 3450 vipsa
1040 3367 1191 3432 columna
1212 3391 1264 3433 ro-

227 3461 331 3516 strata
351 3459 530 3526 testantur,
559 3450 591 3513 in
621 3469 686 3533 qua
708 3450 792 3517 baec
807 3449 983 3534 leguntur:
1015 3453 1264 3518 SEP'l'lhunss-

229 3555 381 3610 ruonrovn
397 3554 499 3596 nvcrs
520 3537 584 3616 (su.
601 3534 764 3618 CEPET).
808 3537 902 3610 Quae
924 3559 997 3602 oum
1019 3541 1064 3606 tta
1084 3541 1158 3620 sint,
1179 3539 1272 3606 buno.

226 3641 356 3706 quoqne
383 3639 515 3684 versum
537 3641 556 3684 o
578 3620 748 3692 columnae
776 3634 949 3709 rostratae*
969 3625 1188 3709 descriptione
1210 3628 1265 3692 de·

225 3718 386 3796 promtum
409 3726 485 3770 csse
506 3717 624 3772 statuo.

733 3827 764 3891 5.

310 3941 519 4028 Calpurnium
543 3945 695 4010 Pisonem
725 3947 758 4010 in
787 3943 869 4008 libro
900 3946 941 4009 de
968 3947 1166 4017 continentia
1188 3970 1265 4032 poe-

226 4043 331 4100 tarum
352 4032 475 4116 primo,
505 4032 560 4098 ubi
589 4032 631 4096 de
660 4031 925 4096 dissolutionibus
947 4035 1152 4116 exposuerit,
1181 4033 1267 4102 haee

271 4227 318 4363 uly)
335 4226 356 4365 ξ.
375 4225 396 4280 l.
411 4241 481 4300 paq.
501 4223 540 4278 18.
599 4225 630 4296 2)
650 4223 694 4278 Vl.
712 4223 737 4280 9.
751 4241 822 4296 pop.
839 4222 891 4278 250
911 4223 956 4281 ed.
975 4221 1075 4278 Krehl.
1134 4227 1165 4296 3)
1185 4226 1204 4280 l.
1223 4229 1267 4283 Ἠ.

222 4312 250 4378 r)
310 4346 316 4361 .
353 4344 359 4359 .
1116 4341 1119 4351 ·
