2890 4948
633 335 909 435 stoa...

242 526 298 592 et·
316 515 478 594 Naevium
508 514 656 599 ejusdem
690 515 832 592 nominis
867 512 1001 586 subulas
1028 511 1224 593 nonnullas,
1266 527 1305 582 ut

251 599 470 685 Aegisthum,
499 599 623 686 Equum
653 601 849 687 Trojanum,
884 599 1072 683 Virginem,
1105 601 1305 686 reliquorum

255 689 456 770 tragicorum
477 708 569 765 moro
591 689 759 772 pepigisse
780 695 891 770 putet,
923 687 1051 766 nescio,
1092 685 1303 772 'Quamquam

254 795 392 856 vereor,
420 793 462 858 ne
491 770 580 850 nulla
596 773 642 850 'sit
665 774 813 854 dicenda,
856 772 907 838 Do
929 771 1090 855 Aegistho
1119 777 1204 848 enim
1226 785 1305 857 post

242 859 386 940 ‚dociam
409 857 569 936 Duellenii
599 861 849 943 disputationem
879 858 958 932 nihil
986 857 1135 938 relictum
1165 869 1217 923 est
1246 861 1303 936 du·

254 945 355 1022 bium.
402 943 496 1020 Quae
519 946 559 1017 de
582 945 717 1029 Virgine
739 967 813 1023 cum
834 945 967 1030 reliquis
988 945 1076 1016 Viris
1095 945 1224 1023 Doctis,
1246 947 1304 1030 qui

204 1079 205 1084 η
255 1033 288 1108 iu
308 1031 375 1096 hoo
397 1033 477 1102 orbe
499 1033 623 1110 uersati
644 1043 740 1110 sunt,
770 1032 867 1113 dicit,
894 1032 926 1094 in
950 1052 1062 1105 errore
1083 1041 1160 1111 suat
1180 1033 1303 1114 posita,

127 1180 134 1206 x
256 1115 526 1200 quemadmodum
548 1139 608 1188 suo
629 1116 706 1196 loco
728 1119 927 1197 docebimus
970 1117 1089 1193 Restat
1106 1137 1171 1192 una
1191 1117 1302 1203 Equus

259 1198 446 1290 Trojanus,
477 1203 518 1268 de
540 1225 604 1290 qua
626 1205 732 1287 magis
754 1204 886 1282 dubium
907 1204 1061 1288 judiciam
1084 1215 1153 1281 est,
1185 1204 1232 1278 ita
1254 1213 1302 1268 ta.

255 1309 331 1366 men
355 1287 522 1367 dubium„
543 1301 579 1367 ut
608 1287 816 1370 verisimilius,
845 1301 934 1360 certe
965 1290 1010 1366 sit
1038 1290 1217 1354 secundum
1249 1309 1302 1366 es,

255 1395 342 1527 puae
364 1395 464 1474 supra
486 1377 715 1460 exposuimus,
753 1376 890 1455 Naevii,
922 1397 987 1440 non
1010 1375 1092 1454 Livii
1114 1375 1202 1454 hanc
1226 1395 1303 1440 esse

271 1459 412 1536 chalam,
456 1459 530 1538 Duo
553 1473 676 1528 tantum
699 1473 830 1540 exstant
850 1474 1003 1536 veterum
1018 1460 1094 1542 loci,
1113 1463 1230 1546 quihus
1245 1463 1301 1526 ad-.

256 1547 333 1622 ditis
353 1557 523 1631 poctarum
552 1550 735 1626 nominibus
765 1549 837 1634 ejus
865 1549 984 1612 mentio
1017 1547 1082 1625 fiat.
1127 1545 1222 1622 Alter
1251 1559 1303 1612 est

255 1633 558 1715 ltlacrobianas1),
588 1636 642 1718 qui
665 1633 842 1712 Naevium,
874 1633 959 1698 alter
984 1633 1153 1708 Nonianus
1166 1638 1216 1714 ἢ),
1247 1635 1302 1717 qui

241 1715 386 1790 ⁴Livium
408 1731 574 1784 auctorem
597 1719 737 1784 exhibet.
781 1721 881 1802 Atqui
903 1721 935 1784 in
958 1718 1220 1805 frequentissima
1241 1717 1301 1783 ho-

251 1823 328 1882 rum
350 1816 520 1888 poetarum
551 1805 745 1886 confusione
761 1808 793 1891 ³)
822 1803 982 1886 Naevium
1010 1828 1071 1892 pro
1100 1805 1196 1886 Livio
1224 1807 1300 1870 sub-

257 1890 394 1968 struere
414 1911 481 1972 nor.
503 1893 625 1971 dubito.
785 1895 788 1900 ’
1017 1895 1020 1906 ’

342 2009 416 2078 Jam
438 2011 472 2078 in
494 2022 719 2095 argumentum
740 2007 873 2082 fabulae
887 2009 1075 2096 diligentius
1090 2009 1302 2094 inquiramus,

256 2114 322 2177 qua
343 2095 375 2174 in
392 2117 429 2173 re
445 2094 563 2176 Plauto
584 2109 617 2160 et
632 2096 792 2174 Cicerone
808 2097 997 2166 auctoribus
1019 2093 1064 2161 uti
1086 2095 1170 2176 licet,
1213 2096 1301 2160 Duo·

243 2177 320 2253 ¹hus
349 2183 433 2244 enim
455 2181 511 2250 ille
539 2180 671 2266 locist)
704 2194 875 2265 comparat
903 2183 1055 2257 astutiam
1077 2179 1177 2260 illam,
1203 2201 1301 2264 quam

259 2284 379 2349 equum
402 2267 595 2342 fabricando
619 2269 739 2348 Graeci
759 2279 875 2340 contra
897 2267 1060 2352 'frojanos
1082 2266 1301 2345 adhibuerint,

256 2369 332 2426 cum
356 2353 494 2432 insidiis,
510 2375 593 2440 quas
616 2354 750 2432 senibus
772 2355 859 2418 servi
877 2351 1019 2428 fallaces
1035 2364 1161 2417 struere
1183 2351 1301 2417 solent.

258 2435 428 2510 Personae
455 2441 541 2514 enim
572 2439 705 2512 fabulae
731 2451 863 2524 praeter
884 2437 988 2518 alias,
1018 2460 1101 2523 quos
1124 2439 1301 2516 nescimus,

253 2521 293 2585 hi
323 2537 412 2589 certe
442 2537 553 2607 erantg
583 2527 712 2614 Eprius,
740 2525 863 2604 Sinon,
896 2525 1056 2609 Ulysses,
1085 2525 1300 2607 Agamemno,

256 2607 449 2689 Menelaus,
479 2612 638 2686 Priamus.
683 2611 818 2689 Plautus
848 2620 954 2674 autem
985 2631 1050 2675 non
1081 2611 1192 2684 dubito
1245 2611 1298 2674 uin

242 2693 374 2772 Naevii
397 2695 542 2770 fabulam
563 2697 719 2783 respiciat
740 2709 817 2770 ante
838 2696 1022 2769 Bacchides
1049 2707 1081 2772 et
1099 2633 1299 2762 Pseudolum

256 2779 396 2860 ¹aditam,
418 2795 455 2847 ut
476 2784 616 2869 populus
638 2795 806 2868 spectator
831 2783 933 2847 verba
955 2795 987 2848 et
1009 2779 1163 2866 Chrysali
1196 2794 1228 2847 et
1249 2783 1299 2847 Sl·

255 2869 363 2938 monis
384 2869 469 2933 bene
491 2869 698 2946 intellexerit.
724 2869 879 2946 Sinonem
902 2871 999 2943 ctiam
1020 2870 1051 2932 in
1075 2871 1170 2932 busto
1186 2867 1300 2932 Achil-

255 2949 301 3027 lis
322 2952 410 3032 humi
432 2965 629 3038 prostratum
651 2957 781 3020 atinde
802 2977 822 3018 a
844 2956 997 3040 Trojanis
1018 2966 1221 3037 protractum
1242 2975 1300 3038 po-

244 3048 330 3113 stea
350 3039 548 3122 Argivorum
570 3040 671 3107 classi
693 3039 772 3120 face
791 3042 920 3124 signnm
942 3043 1084 3117 dantem,
1106 3061 1223 3124 equum
1246 3059 1300 3104 su·

255 3142 317 3207 per
345 3127 485 3204 scissum
506 3125 603 3208 limen
632 3139 750 3212 portae
769 3127 900 3204 Scaeae
928 3125 999 3192 sive
1023 3127 1183 3212 Phrygiae
1204 3145 1300 3210 supe·

253 3229 326 3274 rum
348 3211 381 3274 in
404 3233 515 3280 arcem
535 3226 664 3291 vectam
688 3215 915 3297 comperimus.
962 3213 1175 3284 EOiceroais
1191 3224 1301 3278 autem

253 3297 409 3378 Verbls⁵)
438 3311 594 3390 apparet,
623 3299 837 3367 convivantes
859 3309 892 3375 et
913 3297 1055 3372 laetitiae
1076 3319 1153 3363 sese
1181 3299 1300 3364 deden-

144 3401 147 3410 ·
254 3391 306 3455 tes
322 3383 492 3470 'frojanos'
503 3387 665 3453 cecinisse
678 3387 847 3452 Naevium.
890 3385 1002 3452 Verba
1017 3387 1089 3469 ipsa
1106 3385 1190 3448 haec
1205 3395 1299 3449 sunt:

255 3469 335 3554 qaid
356 3473 439 3534 enim
468 3472 693 3538 delectationis
714 3475 857 3538 sexcenti
878 3475 957 3536 muli
970 3475 1005 3536 in
1031 3471 1300 3557 Clytaemnestra,

150 3589 152 3599 v
254 3562 315 3620 out
335 3556 369 3619 ia
384 3545 479 3642 quto
500 3559 649 3661 Trojano
672 3568 836 3624 crateram
859 3559 971 3640 (codd.
984 3567 1155 3635 crateram¹
1178 3560 1299 3623 Graev.

255 3650 440 3718 carrarum
462 3643 586 3726 Osann,
611 3646 664 3711 alii
687 3646 910 3730 craterarum)
933 3647 1002 3722 tria
1023 3645 1153 3709 millia?
1185 3645 1220 3708 lu
1244 3663 1300 3708 ex-

253 3739 377 3794 strcma
397 3729 511 3797 fabula
525 3736 557 3813 ⁶)
588 3733 751 3818 Trojanos
772 3731 939 3797 reddenda
960 3730 1085 3804 Helena
1107 3731 1244 3816 ejusque
1265 3751 1300 3794 o·

252 3815 352 3914 pibus
373 3836 491 3902 pacem
512 3829 662 3904 petentes
683 3818 820 3901 sectr),
834 3817 976 3914 frustra,
996 3838 1073 3894 sero
1089 3819 1174 3892 euim
1190 3817 1299 3902 sapie·

252 3967 462 3990 &uun-unu·-

322 4060 348 4130 1)
367 4054 489 4132 Satura,
514 4063 561 4122 vl.
580 4066 603 4134 l.
626 4082 697 4140 pag,
724 4063 773 4132 157
798 4061 867 4136 Blp,
919 4063 949 4132 2)
962 4082 1035 4138 paq.
1057 4063 1108 4118 475
1126 4059 1219 4118 Mero.
1269 4061 1299 4128 3)

251 4148 291 4218 cs.
310 4165 382 4222 pay.
399 4147 443 4206 88.
494 4150 524 4216 l)
542 4147 651 4205 Bacch.
669 4147 716 4203 lv.
734 4150 759 4202 7.
779 4143 897 4220 ¹.··53i
923 4145 1061 4206 Pseudol.
1079 4147 1124 4214 lv,
1148 4147 1173 4202 8.
1193 4147 1218 4200 7.
1269 4147 1298 4214 5)

251 4233 293 4288 ad
308 4229 421 4303 Dicere.
439 4230 498 4288 vll.
519 4234 542 4288 l.
557 4233 585 4306 β,
636 4234 667 4306 β)
685 4233 777 4290 Cicer.
795 4233 835 4304 ad
848 4229 963 4306 Dicere,
979 4233 1039 4304 vll.
1059 4233 1098 4291 lt.
1150 4235 1179 4303 7)
1199 4232 1299 4292 Festus

246 4327 317 4392 pay.
334 4311 385 4373 3d3
404 4313 507 4388 Muell.
1199 4329 1201 4334 '
