2918 4952
569 413 846 496 *arr-2

182 607 241 673 ¹luo
262 605 295 674 ln
317 591 502 673 Romaaam
530 593 677 688 lingnam
713 601 949 682 conratissm
983 600 1116 670 Graeca
1136 593 1233 688 argu·

189 705 298 760 menta
320 704 514 772 tractasset,
546 693 694 757 Graecos
725 711 835 756 mores
865 689 1115 774 descripsisset,
1146 687 1235 776 quod
1324 712 1327 718 ’

180 780 373 845 'fabularum
404 797 507 864 genua
537 775 707 861 palliatum
737 779 872 856 dicitur,
901 776 1045 843 Naevius
1067 775 1236 841 Romanas

122 902 124 906 ·
190 866 322 932 fabulas
352 867 477 950 primus
510 865 694 947 composuit
723 865 795 929 sine
827 863 915 928 omni
947 862 1149 928 Graecorum
1179 870 1237 927 aot

191 953 424 1036 exemplarium
454 950 633 1015 imitatione
654 959 711 1013 eut
732 967 856 1014 morum
886 949 1125 1032 descriptione,
1153 967 1238 1034 quae

179 1041 374 1122 {togatorum
396 1038 528 1102 nomine
549 1035 723 1118 insignitae
744 1045 828 1100 sunt.
872 1033 1023 1099 Donatus
1044 1034 1238 1119 quiremus

189 1125 405 1202 comoediam,
428 1125 552 1208 iuqro't,
583 1121 676 1204 oprrd
703 1121 850 1186 Graecos
871 1121 1000 1187 dubium
1022 1130 1070 1185 ert
1094 1123 1165 1206 qais
1186 1121 1237 1184 iu·

189 1213 331 1289 uenerit,
362 1209 455 1292 opud
490 1208 628 1274 Latinos
660 1215 782 1272 emtum
811 1211 869 1272 est.
919 1205 1123 1272 Comoediom
1154 1208 1238 1272 caim

189 1297 222 1361 et
243 1297 448 1382 tropoodiom
478 1302 621 1380 togatam
647 1295 755 1378 primo
778 1293 891 1359 Lim-ior
912 1293 1123 1358 Andronicus
1144 1311 1238 1376 repe·

187 1385 256 1459 rit,
287 1402 382 1466 qoem
405 1393 511 1446 tamen
534 1384 605 1466 jam
627 1379 997 1464 Neukirchius2)1satis
1018 1379 1137 1446 refulit.
1181 1377 1237 1444 Vi·

190 1469 285 1533 detur
318 1469 403 1533 enirn
431 1466 580 1532 Donatus
608 1463 755 1532 fabulam
787 1466 939 1532 Romano
972 1485 1123 1530 sermone
1149 1465 1238 1530 vscri-

189 1565 281 1638 ptam
310 1573 384 1618 cum
413 1552 527 1618 fabula
556 1563 670 1635 togata
702 1551 913 1618 confundere.
955 1547 1040 1616 Nam
1062 1571 1169 1635 neque
1191 1549 1237 1616 ul·

190 1639 256 1704 lios
279 1639 449 1723 scriptoris
473 1638 671 1717 testimonio,
692 1657 736 1702 ne
760 1657 801 1702 ue
822 1639 927 1722 ipsius
949 1637 1034 1704 Livii
1053 1635 1239 1702 fabularum

189 1725 457 1810 inscriptionibus
477 1724 724 1806 fragmentisve,
738 1659 840 1788 inuno·
855 1728 998 1808 potitam,
1021 1724 1075 1811 qni
1096 1744 1118 1788 a
1135 1723 1239 1788 Grae·

190 1813 239 1876 cis
268 1822 357 1876 totas
386 1813 508 1897 pendet
530 1822 565 1874 et
583 1821 738 1896 tanquam
762 1811 911 1876 Graecus
933 1809 1085 1876 Romano
1110 1809 1237 1876 Naevio

190 1899 315 1982 opponi
347 1897 452 1970 solet,
483 1908 707 1980 argumentum
730 1895 861 1982 aliquod
885 1897 1067 1962 Romanurn
1089 1897 1122 1960 in
1144 1895 1238 1962 fabu-

184 1984 231 2048 lis
253 1985 323 2050 suis
345 1995 526 2062 tractasse,
556 1985 796 2066 comprobatur.
843 1983 958 2046 Naevii
987 1994 1094 2048 autem
1115 1982 1238 2048 Romu·

188 2069 242 2135 los
263 2083 297 2135 et
318 2070 518 2138 Clastidium
533 2079 668 2152 togatae
689 2080 784 2146 sunt,
812 2069 871 2134 illa
900 2079 1122 2152 praetextata,
1152 2068 1239 2134 haec

189 2159 385 2222 tabernario.
428 2153 481 2222 Aa
501 2157 672 2222 trabeatos
694 2155 791 2219 etiam
813 2167 847 2220 et
867 2152 1075 2238 planipedias
1097 2155 1238 2237 scripse-

188 2244 243 2322 rit,
264 2245 444 2320 incertnm,
472 2261 580 2326 nequo
601 2239 777 2306 verisimile
798 2252 861 2318 est,
883 2261 957 2304 eum
980 2237 1101 2304 nullom
1123 2259 1237 2324 super*

179 2329 234 2392 ‘sit
261 2329 497 2412 fragmentum,
528 2347 594 2410 quo
624 2327 658 2390 id
688 2327 858 2410 probabile
887 2326 980 2391 reddi
1011 2325 1127 2409 possit.
1170 2324 1240 2392 Sed

177 2431 313 2494 genera
335 2421 520 2494 togatarum
543 2412 604 2475 nisi
625 2414 794 2495 personis,
824 2413 964 2497 quaein
985 2411 1027 2476 iis
1048 2420 1160 2494 agunt,
1182 2411 1240 2479 vix

190 2499 323 2563 diversa
350 2499 435 2562 inter
462 2509 619 2574 sesunt,
640 2508 685 2562 ut·
699 2518 772 2562 oum
801 2500 939 2582 primum
967 2507 1081 2581 togata
1105 2497 1241 2564 inventa
1340 2504 1345 2514 '

191 2595 292 2662 osset,
313 2585 484 2648 trabeatus
506 2595 690 2667 quoquest
712 2584 918 2669 planipediac
940 2581 1036 2648 simul
1058 2594 1170 2648 essent
1185 2584 1239 2669 in·

189 2681 327 2750 ventae,
357 2681 475 2753 utque,
507 2669 563 2753 qai
593 2671 715 2752 primus
743 2669 918 2736 Romanos
946 2689 1056 2734 mores
1078 2671 1111 2734 in
1135 2689 1239 2736 scena

127 2779 130 2786 ¹
177 2757 309 2834 edidit,
338 2756 481 2819 omnium
508 2767 644 2838 togatae
671 2753 804 2820 fabulae
824 2776 979 2840 generum
1000 2756 1152 2821 inventur
1174 2755 1240 2820 diui

187 2843 303 2926 possit.
346 2841 450 2907 Recte
478 2852 587 2907 autem
617 2841 885 2925 Neuktrohiuv)
913 2841 1073 2906 Naevium
1096 2862 1137 2907 eo
1160 2861 1239 2907 com

190 2927 264 2994 silio
293 2928 463 2993 Romanos
492 2947 601 2992 mores
630 2928 663 2992 in
693 2947 827 2994 scenam
856 2927 1053 3012 produxisse
1085 2925 1239 3006 affirmat,

178 3024 241 3098 ut,
271 3026 416 3080 veterum
445 3014 628 3080 Atticorum
657 3014 780 3094 instar,
809 3015 851 3079 de
871 3013 1042 3098 republica
1067 3015 1142 3099 quid
1165 3033 1240 3078 sen·

188 3102 282 3178 tiret,
313 3100 416 3168 libere
437 3099 602 3186 profiteri,
633 3121 756 3186 eosque
779 3103 881 3181 cives,
904 3121 988 3186 quos
1011 3101 1148 3180 odisset,
1170 3121 1239 3166 ma·

187 3183 317 3252 ledictis
339 3187 409 3252 suis
430 3188 604 3266 insectari,
635 3197 669 3252 et
689 3189 866 3272 pessimum
895 3208 1057 3273 quemque
1080 3188 1237 3271 perstrin·
1312 3249 1315 3258 .

178 3331 183 3350 ,
213 3293 270 3350 ere
290 3284 323 3339 et
345 3275 615 3340 contemnendum
640 3275 817 3357 propinare
846 3271 1087 3356 spectatoribus
1114 3283 1238 3357 posset.

70 3359 71 3362 ’
189 3293 282 3426 ilaec
312 3369 364 3424 est
391 3356 622 3435 maledicentia
643 3357 701 3422 illa
722 3355 915 3436 Naeviana,
937 3379 1034 3444 quam
1057 3359 1239 3442 scriptores

191 3456 322 3512 veteres
345 3444 455 3510 dicere
483 3443 609 3524 solent,
638 3445 767 3524 eadem,
793 3465 859 3530 qua
878 3445 978 3511 utitur
999 3443 1239 3528 Aristophanes

189 3542 230 3604 et,
257 3551 323 3616 qua
350 3530 384 3594 in
416 3550 532 3599 omues
564 3529 747 3609 invehitur,
783 3551 868 3617 quos
903 3528 1104 3616 reipublicae
1140 3529 1239 3597 saluti

192 3618 314 3698 obesse
333 3626 434 3701 putat.
471 3615 608 3682 Praeter
623 3614 797 3682 Romulum
818 3628 851 3682 et
871 3615 1063 3684 Clastidium
1084 3637 1126 3682 an
1148 3615 1240 3684 Leon

156 3716 158 3720 '
190 3723 330 3790 quoque,
346 3699 501 3768 Hariolus
522 3713 555 3768 et
575 3699 660 3769 Pulli
681 3713 815 3786 togatae
833 3702 962 3782 luerint,
977 3704 1101 3770 neseio.
1114 3705 1149 3787 ⁴)

74 3873 78 3880 .
182 3879 186 3884 ,
275 3815 423 3898 Togatae
445 3813 572 3880 Naevio
595 3815 764 3900 abjudicat
784 3813 979 3880 Welukerus
991 3817 1034 3900 ⁵),
1059 3815 1106 3880 ita
1128 3825 1237 3882 umen

190 3911 316 3966 utrem
337 3902 370 3967 in
392 3901 517 3966 incerto
547 3897 770 3985 reliquendum
792 3921 869 3966 esse
889 3911 990 3986 putet.
1035 3898 1105 3966 Sed
1126 3921 1238 3988 quarn·

189 3987 242 4051 vis
265 3987 424 4052 incertum
446 3987 508 4068 sit,
531 3987 638 4053 sintne
667 3984 881 4068 Clastidium,
916 3985 1062 4072 (Lupus)
1091 3997 1124 4052 et
1150 3985 1239 4054 Pulli

258 4233 286 4298 1)
311 4230 348 4284 de
372 4230 529 4298 cornoedta,
543 4235 702 4308 principiae
759 4233 789 4302 2)
819 4233 856 4288 de
871 4185 963 4304 fabul.
992 4238 1080 4306 topct.
1107 4250 1176 4307 pap.
1192 4237 1236 4292 δί.

188 4315 220 4386 d)
238 4314 257 4368 l.
275 4315 294 4368 l.
308 4331 381 4387 pap.
397 4319 438 4374 67.
490 4320 852 4396 dementationes
903 4320 933 4387 5)
958 4316 1007 4372 dte
1027 4317 1140 4374 Griecln
1165 4319 1235 4380 rra·

132 4403 135 4408 '
181 4401 304 4476 portitat
319 4416 388 4475 pop.
406 4405 472 4460 1245
489 4411 549 4460 not.
913 4407 917 4414 ’
