2918 4952
642 392 921 466 *ΜΛ-

258 588 326 646 stat
342 581 385 660 ι).
428 576 594 650 Quantum
614 585 724 642 autem
746 573 847 643 distat
868 573 1052 646 Romanum
1073 577 1238 662 ingenium
1260 581 1304 646 ab

256 664 390 749 ingenio
430 661 578 729 Graeco!
629 659 835 746 Simulatque
872 663 975 750 igitur
1012 665 1055 728 ad
1091 664 1305 732 imitationem

259 751 461 817 Graecorum
482 748 629 834 linguam
658 758 691 814 et
711 745 826 814 literas
848 760 928 814 suas
949 749 1091 816 Romani
1116 771 1303 819 accommo-

258 835 396 915 darunt,
433 833 550 900 literae
579 833 750 900 Romanae
782 835 891 922 magis
926 837 1099 922 magisque
1128 829 1305 909 Romanae

257 942 335 992 esse
356 921 533 986 desierunt.
576 920 656 985 Inde
676 920 844 1006 sequitur,
880 921 968 1007 quod
996 923 1129 988 maximi
1159 933 1210 987 est
1231 935 1304 987 muss

255 1007 510 1086 maminotum
532 1005 608 1072 inde
629 1025 651 1071 a
669 1005 787 1072 Naevii
810 1018 925 1086 morte,
958 1018 1037 1093 post
1059 1027 1157 1096 quam
1178 1001 1306 1091 Ennius

230 1173 231 1176 Ἴ
255 1114 279 1168 a
300 1093 436 1160 Catone¹
457 1092 597 1160 Romam
627 1090 808 1157 translatos
830 1104 899 1172 est,
927 1093 1056 1167 Romae
1084 1113 1205 1160 orsam·
1226 1115 1304 1160 esse

255 1189 291 1246 et
312 1177 492 1244 dicendi‘et
506 1178 652 1244 carmina
669 1179 886 1262 componendi
902 1180 1072 1246 rationem.
1118 1179 1186 1244 Sed
1201 1200 1303 1264 aegra

255 1267 397 1357 primum
426 1265 495 1330 suis
525 1285 547 1329 a
567 1263 671 1329 literis
701 1263 846 1330 cessisse
868 1263 1058 1350 Romanos,
1088 1263 1122 1330 id
1151 1272 1303 1344 testatur,

255 1351 344 1438 quod
366 1351 440 1435 ipse
462 1349 560 1415 etiam
583 1351 710 1428 Ennius
733 1361 835 1415 metro
858 1350 1011 1416 Saturnio
1038 1350 1073 1416 in
1102 1371 1302 1438 componen-

256 1439 308 1504 dis
327 1434 515 1503 tabularum
535 1433 777 1520 triumphalium
800 1436 1068 1522 inscriptionibus
1088 1457 1170 1502 usus
1192 1439 1301 1524 θεῖ’),

255 1534 290 1591 et
310 1524 344 1590 in
364 1523 542 1608 pangendo
564 1521 621 1586 illo
644 1523 808 1601 carmine,
830 1543 894 1608 quo
918 1519 1086 1608 Scipionis
1107 1526 1303 1608 res‘gestas

253 1620 288 1677 et
308 1609 425 1676 laudes
448 1608 643 1690 celebravit,
666 1628 798 1673 versum
818 1607 1023 1675 trochaicum
1044 1607 1204 1688 adhibuit,
1231 1609 1301 1694 qui,

259 1695 527 1772 ,uemadmodum
555 1713 661 1780 nuper
687 1693 835 1762 Koenius
850 1695 884 1780 8)
913 1695 1166 1775 demonstravit,
1195 1696 1302 1780 ipsius

253 1717 388 1868 llnguae
403 1781 573 1849 Romanae
588 1783 732 1846 numeris
751 1781 1114 1866 accommodatissimus
1129 1793 1190 1846 est.
1214 1781 1299 1846 hae·

254 1869 301 1934 vii
323 1878 432 1932 autem
461 1887 579 1934 versus
609 1876 667 1931 aut
690 1865 835 1932 Saturnii
864 1877 958 1946 sunt,
987 1879 1045 1932 aut
1075 1867 1211 1956 jambici
1242 1879 1301 1932 aut

257 1951 430 2035 trochaici,
450 1953 561 2039 itaque
581 1973 660 2019 vere
677 1953 827 2021 Romani.
871 1953 1048 2022 Praeterea
1060 1973 1141 2023 vero
1160 1955 1301 2019 Creticis

253 2042 372 2120 etiam,
409 2039 645 2124 Anapaestiois
679 2037 735 2105 vel
767 2038 850 2124 ipsis
884 2037 1124 2104 choriambicis
1154 2041 1301 2105 numeris

252 2147 334 2194 usus
356 2135 417 2192 est.
460 2123 534 2192 Jam
557 2146 655 2208 vero,
687 2146 761 2190 oum
793 2147 845 2190 me
872 2125 1009 2204 inscium
1038 2125 1108 2192 fere
1129 2126 1174 2190 ad
1195 2136 1301 2190 metra

251 2213 425 2280 Naeviana
453 2211 630 2296 disputatio
649 2210 796 2290 tulerit,
833 2233 941 2296 pauca
971 2213 1012 2276 de
1041 2210 1095 2276 his
1124 2232 1299 2296 exponam.

252 2297 363 2365 Versu
384 2297 537 2379 heroico,
560 2307 594 2361 ut
616 2317 717 2380 supra
740 2297 1036 2364 demonstravimus
1051 2300 1107 2385 ⁴),
1128 2319 1194 2362 oon
1216 2319 1299 2364 usus

186 2439 189 2448 .
252 2395 305 2452 est
333 2383 500 2462 NaeviuS,
532 2383 620 2470 quod
648 2385 734 2449 hena
763 2395 999 2468 perspexerat,
1031 2396 1129 2467 puto,
1159 2384 1300 2450 Latinae

248 2471 385 2562 linguae
404 2469 547 2535 indolem
569 2473 612 2536 ab
633 2468 686 2534 his
708 2471 852 2535 numeris
874 2471 980 2554 magis
995 2470 1296 2557 ahhorrere,qucd-

252 2580 318 2648 que
338 2577 456 2623 versus
479 2557 652 2622 Saturnius
673 2556 804 2621 nativus
839 2555 992 2622 Italorum
1014 2576 1132 2622 versus
1154 2568 1235 2635 erat,
1261 2567 1299 2622 ut

251 2647 330 2734 qui,
358 2663 379 2709 e
394 2641 518 2732 jambis
547 2653 580 2708 et
608 2641 777 2708 trochaeis
807 2643 1028 2728 compositus,
1060 2653 1177 2728 sponte
1200 2645 1297 2728 quasi

249 2733 294 2799 ad
315 2731 420 2816 ipsius
441 2728 573 2812 linguae
594 2738 789 2794 structuram
813 2750 890 2794 sese
911 2730 1186 2795 accommodaret.
1225 2729 1297 2792 Pri·

247 2839 322 2885 mus
339 2816 462 2884 Ennius
484 2814 625 2882 alienum
647 2835 790 2894 versum,
811 2813 947 2899 longum
968 2813 1071 2892 illum,
1095 2837 1189 2900 quem
1206 2815 1298 2894 dicit,

247 2902 375 2980 intulit,
397 2903 547 2988 quicum
571 2899 703 2985 politior
724 2903 795 2965 sine
816 2901 914 2967 dubio
937 2903 1090 2967 Satur-nlo
1114 2899 1170 2967 illo
1194 2912 1297 2982 esset,

248 3007 329 3058 suos
355 3008 474 3074 versus
499 2986 658 3074 'tanquam
686 2989 833 3056 urbanos
862 2987 1012 3066 rusticis,
1043 2997 1077 3053 ut
1105 2987 1151 3056 ita
1175 2989 1296 3068 dicam,

246 3075 314 3143 illis
333 3073 513 3139 Naevianis
542 3075 697 3159 opposuit
719 3085 770 3153 et,
802 3084 943 3142 testante
965 3073 1126 3142 Cicerone
1143 3074 1176 3160 5)
1207 3073 1296 3138 Nae-

247 3164 340 3242 vium,
357 3163 391 3226 in
414 3171 579 3226 contemtu
601 3159 732 3228 habuit:
764 3160 863 3248 quid,
884 3160 931 3226 ait
955 3159 1093 3241 Cicero,
1112 3162 1222 3228 nostri
1242 3182 1295 3228 oe-

247 3254 334 3320 teres
354 3266 469 3316 omrem
491 3245 547 3312 uhi
566 3247 667 3316 suat?

637 3383 715 3445 quos
737 3363 808 3422 olan
829 3359 1108 3442 Funereamque
1129 3365 1296 3439 canebant,

304 3529 306 3534 Ι
350 3471 421 3514 cum
441 3470 542 3530 neque
563 3451 731 3516 Musarum
754 3450 901 3525 scopulos
930 3451 1093 3532 quisquam
1115 3458 1297 3526 superaret,

348 3557 408 3598 rrec
430 3539 507 3597 dicti
527 3538 689 3610 studiosus
710 3541 780 3598 crat
824 3575 1208 3596 ........

348 3632 423 3686 ante
447 3625 540 3708 huuc.

244 3732 293 3796 uit
311 3731 384 3814 ipsc
408 3735 470 3811 (sc.
491 3725 633 3810 Ennius)
655 3724 697 3790 de
718 3745 771 3804 sc,
790 3745 852 3794 aec
873 3727 1026 3794 mentitur
1045 3725 1081 3790 ia
1099 3728 1293 3812 placitando.

243 3817 430 3882 Pronomen
457 3811 680 3882 artemitam
714 3811 1009 3882 demonstrativum
1038 3822 1153 3881 estet
1184 3815 1296 3898 ipsum

242 3901 382 3970 Ennium
403 3903 565 3986 designat,
586 3897 859 3989 quemadmodum
879 3897 990 3968 multis
1008 3899 1120 3966 verbis
1140 3901 1297 3985 exposuit

311 4150 339 4219 1)
357 4147 396 4220 os.
416 4147 515 4206 Festus
539 4166 562 4202 u.
580 4165 605 4202 o.
624 4163 671 4201 soa
693 4164 762 4220 pap.
779 4150 827 4203 301
849 4143 950 4200 Mucii.
1012 4145 1041 4214 2)
1059 4143 1128 4200 Atti.
1149 4143 1292 4201 Fortuna·

241 4239 314 4290 tiam.
336 4253 405 4308 pap.
428 4239 480 4292 324
505 4230 599 4302 Gairf.
661 4233 689 4298 3)
719 4228 851 4302 Spraclre
878 4231 930 4284 der
958 4231 1155 4287 Roemt'sclsen·
1173 4233 1291 4304 aptam.

238 4317 393 4464 aarum
408 4326 510 4462 liturg).6
534 4319 566 4388 t)
588 4335 659 4393 paq.
675 4323 717 4377 86.
768 4321 797 4386 5)
825 4317 909 4374 Brut.
927 4316 1025 4377 xviii.
1043 4324 1095 4390 713
1119 4319 1160 4391 cf.
1179 4318 1289 4392 fropm.
