2890 4948
538 385 786 458 ..73-

457 571 655 663 &Quanta
675 567 745 638 hhrt
769 574 863 638 sexti

384 689 389 698 ·
645 695 675 760 1.

226 805 397 892 nonum)
418 807 515 886 aruo,
544 806 580 870 a
601 825 640 872 eo
673 808 757 872 zoco.
805 791 954 873 Neleus
982 806 1059 876 uerat
1083 811 1182 880 Paes-

25 961 30 972 ,
141 891 271 958 cilibro
284 899 394 958 sextos

269 1046 279 1065 .
301 1008 464 1082 septimum
487 1005 638 1068 decimum
660 1002 879 1068 donum-ilico
900 1009 1020 1071 sedent.

144 1108 229 1174 libro
250 1113 347 1176 tertio
374 1122 408 1178 et
438 1113 582 1194 reptimnt
613 1129 735 1178 onnrtm
763 1111 837 1176 eod.
861 1111 1018 1178 Beruens.
1058 1113 1186 1180 Nouia

144 1194 220 1260 Ald.
232 1200 274 1279 2).
317 1195 368 1262 De
393 1198 593 1262 restituendo
608 1207 723 1277 rnetru,
739 1215 934 1280 quamquam
952 1200 1094 1281 egregie,
1116 1202 1185 1264 nul·

144 1279 179 1346 la
200 1298 284 1346 voce
302 1293 436 1360 mutata,
452 1283 662 1348 Hermannus
678 1282 851 1364 praeierat,
872 1283 1027 1368 desperat
1047 1285 1185 1352 Schuet-

145 1366 227 1446 tius3
248 1365 539 1452 Spaugeuhergius
559 1387 635 1432 eum
654 1363 784 1432 Merula
807 1386 886 1430 auo:

487 1483 649 1560 septimum
672 1480 822 1540 decimum
845 1499 957 1541 annum

273 1565 345 1626 ilico
369 1565 486 1626 sedent.

146 1661 197 1736 De
217 1672 312 1756 pacis
340 1669 580 1736 conditionibus
602 1669 657 1754 agi
679 1667 969 1754 spangenbergius
990 1681 1100 1755 putat,
1122 1669 1188 1738 sru-

146 1768 228 1835 stra,
249 1778 322 1821 eum
344 1777 431 1822 anno
455 1757 583 1820 demum
605 1756 761 1839 vigesimo
783 1766 899 1842 quarto
923 1777 986 1840 pax
1012 1779 1069 1839 puer
1090 1757 1187 1822 Lute-

147 1843 225 1907 tiunr
249 1840 429 1908 Consulem
451 1841 541 1906 laete
562 1841 614 1906 sit.
651 1839 702 1905 De
720 1839 797 1905 belli
814 1851 922 1906 autern
943 1843 1030 1906 anno
1049 1844 1188 1925 septimo

148 1927 274 1992 decimo
303 1947 487 1992 sermonem
510 1946 606 2003 esse,
635 1945 677 1988 ex
699 1926 782 2008 ipsis
803 1929 912 1991 verbis
934 1927 1112 1992 Naevlanis
1142 1927 1187 1991 lu·

147 2010 294 2076 euleuter
315 2023 463 2096 apparet.
506 2012 602 2077 Auno
625 2010 723 2092 igitur
744 2008 843 2087 DVL,
866 2011 921 2095 qui
943 2022 995 2075 est
1023 2025 1101 2093 post
1122 2011 1187 2076 hel·

148 2093 216 2161 lum
244 2096 355 2160 initum
385 2097 531 2160 decimus
563 2097 741 2178 septimus,
772 2093 810 2158 C.
831 2092 986 2160 Aurelius
1014 2097 1128 2174 Cotta,
1153 2097 1187 2159 P.

147 2179 309 2246 Servilius
330 2181 485 2246 Geminus
515 2179 691 2257 ConsuleS,
719 2187 804 2243 teste
834 2177 1020 2260 zonarar),
1042 2181 1190 2246 Siciliam

147 2265 279 2350 placide
300 2269 508 2350 obtinebant,
540 2267 583 2330 ab
613 2283 718 2349 eaque
739 2261 847 2328 insula
870 2263 998 2330 Poenos
1020 2269 1188 2336 arcebunt.

148 2352 225 2436 qui,
247 2363 421 2434 postquam
444 2353 527 2415 duco
549 2349 750 2415 Carthalone
768 2349 904 2413 Sieillae
925 2352 1046 2414 aditum
1069 2363 1189 2414 tantas·

148 2445 243 2513 seut,
264 2447 299 2500 ot
318 2434 483 2500 Consules
504 2455 526 2498 e
553 2445 640 2498 statu
662 2451 724 2498 suo
757 2433 982 2513 detraherent,
1011 2437 1045 2498 in
1066 2435 1192 2502 ltaliam

150 2520 348 2584 transierunt
378 2520 514 2604 ejusque
543 2516 642 2582 litora
676 2515 776 2598 longe
809 2515 939 2601 lateque
966 2531 1137 2586 vastarunt
1149 2527 1191 2600 4).

150 2605 297 2672 Frustra.
319 2601 480 2670 Consules
502 2602 587 2668 enirn
609 2622 669 2685 per
690 2611 793 2664 toturn
816 2624 935 2668 annum
958 2604 989 2666 in
1010 2606 1123 2672 Sicilia
1144 2628 1193 2672 ee·

148 2692 271 2758 aanor
290 2691 311 2756 i.
333 2711 363 2754 e.
384 2689 510 2766 otiose,
539 2708 605 2754 non
634 2696 788 2754 conserto
808 2707 883 2755 oum
911 2688 1063 2756 hostibus
1085 2713 1195 2776 marra,

148 2797 223 2844 eom
246 2777 454 2844 obtinuerunt
465 2775 508 2858 ⁵),

653 2889 685 2954 3.

234 3011 423 3091 Nonius⁶):
446 3009 737 3097 looiyenerirrunt
750 3007 933 3074 musoritae
958 3009 1104 3078 itherius
1119 3012 1196 3080 tettr

153 3097 271 3166 Punici
291 3098 376 3164 libro
397 3103 506 3162 sexto:

694 3205 712 3268 .'
726 3211 885 3283 conuenit,
907 3215 1035 3288 reperim

298 3297 393 3358 simul
415 3296 508 3373 utque
530 3297 616 3356 aeos
638 3302 673 3354 ut
693 3295 844 3354 haberent
866 3288 880 3351 .'
909 3335 949 3354 ..
973 3339 980 3355 .
1005 3292 1022 3354 .‘
1045 3339 1053 3354 .

151 3400 282 3470 Merula
295 3401 330 3484 ἵ)
352 3401 495 3485 oonjeoit
518 3399 602 3463 libro
623 3401 778 3480 septimo,
808 3401 1068 3482 approbantibus
1089 3402 1195 3485 Span-

153 3485 331 3574 geuhergio
359 3494 393 3548 et
420 3483 608 3558 Schuettio;
639 3485 729 3548 locos
750 3503 816 3548 non
837 3483 994 3550 haberent
1024 3489 1096 3553 eod.
1126 3489 1196 3554 Loi-

153 3573 280 3650 densis3
304 3568 437 3636 luberet
457 3565 587 3634 Merula
608 3565 744 3655 ejusque
766 3570 983 3656 pedissequus
1006 3573 1195 3656 Spaugeub.

237 3681 378 3752 Metram
397 3697 594 3763 quamquam
615 3680 700 3744 bene
721 3681 889 3746 coustituit
903 3683 1121 3759 Hernruuuus,
1142 3684 1196 3746 do·

154 3778 268 3852 sperat
287 3779 396 3834 tarneu
426 3762 469 3828 de
499 3763 698 3829 restituendo
727 3783 769 3828 eo
791 3764 989 3831 Sehuettius.
1036 3767 1198 3832 Praebent
1312 3845 1313 3848 Ἴ

154 3866 265 3919 autem
286 3853 390 3917 verba
418 3851 539 3916 bouum
567 3868 698 3914 versum
727 3847 914 3933 heroicum,
946 3861 981 3916 ut
1010 3850 1197 3934 eorupluros

226 4085 252 4151 l)
269 4101 291 4137 s.
309 4099 334 4136 υ.
352 4083 420 4138 ilico
433 4099 505 4155 pop.
524 4081 575 4137 325
593 4081 684 4137 Mero.
701 4082 752 4136 333
772 4079 848 4135 Gerl.
900 4083 932 4152 3)
950 4083 988 4152 of.
1009 4083 1123 4140 Merula
1141 4089 1159 4140 l.
1178 4088 1197 4142 l.

156 4169 216 4225 433.
269 4167 298 4234 3)
315 4167 386 4221 Vlll.
412 4169 452 4222 16.
504 4167 634 4235 aporos.
659 4167 705 4221 lv.
727 4168 766 4221 13.
825 4167 854 4234 5)
881 4166 1009 4222 Benecke
1034 4173 1075 4224 ml
1102 4173 1198 4229 lorlln.

159 4255 237 4310 Part.
256 4253 355 4308 xxxi.
370 4255 395 4308 3.
409 4253 427 4308 3
435 4271 443 4320 ;
462 4253 605 4325 Ktesslinp
619 4253 660 4306 od
678 4252 816 4306 Theocrit.
836 4251 879 4305 vt.
893 4253 927 4323 ll3
947 4253 1049 4307 moran
1060 4257 1100 4310 od
1113 4255 1198 4313 Plau

161 4338 306 4411 Olympi
332 4338 373 4392 83.
410 4339 441 4406 6)
461 4357 482 4392 s.
500 4357 524 4393 v.
545 4339 608 4394 loca
625 4357 693 4412 pap.
703 4338 751 4392 Ml
772 4334 814 4389 Μ.
828 4335 875 4390 143
885 4335 918 4390 G.
954 4338 1009 4403 7)l.
1028 4339 1046 4392 l.
1063 4343 1198 4416 pupilli).
