2864 4944
661 359 911 434 450...

269 541 430 610 Merulam
453 535 555 606 'recle
579 545 712 605 mantus
750 537 959 606 Hennannus
994 540 1098 607 verba
1133 539 1190 606 iiia
1228 541 1313 608 inter

256 627 355 692 duos
376 627 486 692 divisit
506 645 633 690 versus.
674 624 847 692 Praeicrat
870 627 1069 706 Priscianus,
1095 629 1150 712 qui
1171 628 1311 694 medinm

271 715 365 777 vocis
386 715 520 798 parictem
540 711 703 812 syllabam
724 714 857 776 brevem
878 712 945 777 hoc
976 714 1048 779 loco
1070 731 1147 778 esse
1176 716 1311 781 dixerat.

270 798 421 864 Ceterum
443 819 621 884 pronomen
644 797 715 882 ojus
735 798 997 884 monosyllabum
1027 810 1078 864 est
1091 805 1134 880 ¹).

260 926 263 934 '
355 917 451 983 Dicta
477 915 563 982 haec
591 927 667 982 sunt
694 917 735 981 dc
764 917 898 997 Aenea,
928 919 969 982 de
993 939 1058 1004 quo
1081 927 1191 1003 poeta
1215 919 1313 984 tertia

270 1017 402 1105 semper
415 1025 495 1068 usus
510 1019 664 1088 persona,
681 1013 802 1081 narrat,
825 1005 891 1106 qui,
907 1005 1003 1069 victis
1019 1004 1143 1090 proelio
1160 1005 1311 1069 hostibus

269 1091 340 1154 suis
362 1091 403 1154 dc
424 1088 516 1154 ltalia
538 1089 733 1174 occupanda
762 1090 906 1172 cogitare
928 1102 1065 1174 poterat
1109 1089 1158 1154 De
1179 1091 1309 1154 Didone

258 1173 406 1256 'secura,
434 1188 606 1259 postquam
634 1175 744 1247 fratris
770 1197 885 1240 manus
914 1175 1109 1260 effugiens
1100 1197 1133 1240 m
1161 1175 1310 1242 litoribus

261 1261 403 1346 'Lybicis
433 1263 640 1339 substiterat,
662 1281 704 1324 na
728 1263 929 1343 cogitemus,
960 1273 1067 1342 vetat,
1090 1263 1122 1325 ui
1144 1260 1243 1326 fallor
1264 1262 1311 1342 id,

270 1349 356 1432 quod
379 1368 419 1411 ea
442 1348 482 1411 dc
505 1368 543 1412 se
565 1358 598 1411 ct
620 1348 661 1410 de
685 1348 856 1412 condenda
878 1351 958 1412 urbc
980 1369 1039 1412 sua
1069 1349 1143 1432 ipsa
1172 1367 1311 1412 narrans

268 1436 403 1500 inducta
434 1453 510 1498 esse
537 1433 674 1496 videtur.
718 1432 814 1506 Quod
847 1435 875 1498 si
905 1435 1011 1498 minus
1039 1433 1085 1498 ita
1106 1433 1240 1511 luisset,
1263 1434 1310 1498 ni·

269 1521 367 1588 niun
388 1520 458 1584 sibi
470 1517 662 1584 indulsisset
672 1517 836 1584 licentram
855 1525 963 1603 polita.
998 1519 1186 1586 Schuettius
1199 1539 1310 1622 quam·

269 1608 322 1672 vis
348 1603 430 1670 libri
465 1625 650 1686 numerum,
680 1603 735 1690 qui
769 1605 856 1687 apud
894 1605 1099 1672 Priscianum
1135 1607 1309 1684 invenitur,

268 1693 368 1794 plane
383 1692 508 1792 J'ustum
529 1690 626 1770 dicat,
648 1687 857 1754 nibilominus
885 1701 991 1756 tamen
1016 1693 1122 1776 ipsum
1145 1690 1309 1775 fragmen·

262 1790 337 1843 ‘turn
358 1775 391 1842 iu
419 1777 556 1878 primum
584 1737 702 1840 lillrum
730 1775 837 1840 insert.
880 1775 1169 1861 Spangenbergius
1198 1789 1309 1842 autem

267 1873 391 1930 mutato
424 1859 497 1927 libri
533 1877 687 1940 numero,
727 1861 770 1926 ad
804 1874 952 1966 quartum
991 1863 1108 1929 librum
1146 1865 1309 1948 pertinere

267 1949 458 2029 arbitratus,
488 1948 530 2012 ad
554 1946 714 2031 Regulum
744 1947 865 2030 respici
893 1959 1005 2032 putat,
1032 1951 1087 2035 qui
1117 1948 1307 2051 Xanthippo

265 2035 537 2115 Lacedaemonio,
559 2033 741 2098 Poenorum
764 2032 850 2111 duci,
872 2034 1036 2102 intimidus
1051 2036 1242 2114 occurrerit,
1258 2035 1307 2099 ni

266 2124 364 2188 mium
385 2121 537 2187 fortunae
558 2140 640 2185 suae
661 2118 816 2184 confisus.

772 2255 803 2319 7.

350 2371 457 2441 Varro
473 2376 527 2460 ²).
565 2375 757 2440 Acerranorum
794 2370 922 2461 aliquot
958 2375 1000 2440 de
1036 2376 1144 2440 causis
1180 2369 1306 2456 dicunt,

270 2461 415 2527 Naeuius
436 2461 478 2527 ab
499 2460 624 2540 acidius,
646 2461 733 2546 qnod
754 2479 792 2526 eo
812 2483 848 2528 sc
868 2459 910 2526 ab
937 2459 1049 2526 Tiberi
1066 2463 1198 2552 ferrent
1218 2483 1305 2528 acer

347 2581 442 2646 Hanc
464 2581 571 2664 etiam,
594 2583 742 2666 quamvis
764 2581 850 2646 baud
875 2580 1174 2663 commendabilem,
1195 2583 1305 2647 Aven-

262 2666 578 2836 lllrtell¹l⁰¹⁰gl³m
608 2666 766 2752 Virgilius
794 2679 929 2738 'secutus
959 2679 1027 2752 est,
1057 2671 1112 2753 qui
1133 2673 1179 2736 ita
1201 2669 1242 2734 de
1263 2688 1306 2734 eo

268 2945 272 2954 ⁸
391 2877 524 2938 dirarum
547 2873 625 2937 nidis
648 2873 756 2936 domus
778 2882 953 2956 opportuna
976 2875 1190 2956 volucrum⁴).

220 3001 223 3004 ’
260 2991 457 3060 Aventinum
477 3002 585 3056 autern
614 3003 773 3065 montem,
804 2992 924 3077 quippe
953 2995 1007 3078 qui
1030 3013 1136 3080 neque
1157 2993 1189 3057 in
1212 2989 1303 3056 urbis

261 3077 461 3162 pomoerium
487 3089 641 3162 receptus
663 3089 695 3141 et
715 3078 889 3142 admodum
921 3079 1088 3144 saltuosus
1115 3079 1302 3145 arboribus·

260 3184 324 3249 que
355 3163 482 3232 obsitus
510 3175 599 3228 esset
629 3176 675 3228 et
693 3164 736 3228 ad
769 3164 910 3231 'liberum
940 3166 1151 3266 demutaret,
1184 3165 1302 3230 avibus

259 3270 339 3334 prae
362 3247 480 3314 aetolis
502 3262 627 3334 septem
650 3247 813 3338 monitibus
842 3251 1005 3316 scatuisse
1034 3249 1210 3316 verisimile
1239 3261 1301 3316 est

315 3366 441 3452 uApud
464 3369 615 3436 Bothium
643 3368 710 3436 boc
737 3369 954 3456 fragmentum
982 3370 1067 3436 inter
1096 3371 1225 3438 comica
1250 3391 1300 3438 ιε·

258 3449 462 3534 censatum).
538 3525 540 3534 ,

761 3565 792 3640 8.

339 3679 511 3778 Varro⁶):
534 3689 667 3758 eundem
687 3695 773 3760 lanne
794 3689 900 3760 locum
920 3655 1114 3778 (Palatium)
1097 3695 1160 3774 )a
1177 3713 1302 3779 pecora

250 3780 521 3952 ‘dipptpltpatputant
549 3782 698 3868 putidam,
731 3784 841 3868 itaque
874 3781 1021 3846 Naevius
1051 3779 1300 3850 Haluntium

276 4060 346 4127 l.·)
363 4057 543 4113 Lindemann
562 4056 1185 4132 ἀειει991499.49ι199999999449999
1209 4057 1298 4114 XXV.

246 4145 391 4200 Bnentu‘r
406 4151 435 4198 et
452 4140 559 4196 barsen
585 4142 604 4195 l.
622 4142 641 4195 l
658 4159 726 4215 999.
750 4143 793 4196 32.
851 4140 939 4210 4)·49
965 4140 1037 4213 4199.
1062 4141 1130 4196 Lot.
1153 4159 1227 4214 999.
1255 4143 1291 4196 48

244 4228 356 4302 89999.
390 4228 419 4295 3)
437 4227 506 4282 Aea.
525 4223 595 4278 Vlll.
614 4225 725 4280 4394
708 4226 785 4296 4)9Ῐ.
805 4225 924 4282 Sarnios
940 4225 981 4281 ad
1004 4226 1074 4281 499.
1093 4227 1151 4282 Vll
1170 4227 1230 4284 oct.
1265 4232 1294 4294 5)

242 4314 352 4386 fraqam
384 4314 485 4368 999949.
512 4326 583 4382 999.
614 4311 657 4366 ab.
721 4313 751 4379 6)
767 4313 806 4368 de
830 4314 901 4386 ltnp.
926 4310 994 4368 hat.
1018 4329 1088 4386 999.
1114 4313 1157 4369 59.
1185 4311 1293 4388 89999.
