2918 4952
642 421 921 502 *224*-

259 600 408 693 Eupolis,
429 604 477 674 lta
497 602 532 672 ln
553 588 708 673 Metellos
732 613 767 673 et
788 605 978 692 Scipionem
1006 593 1153 676 Naevius
1183 604 1318 676 invehi·x

260 705 331 775 tur;
351 705 388 759 ut
409 692 613 777 demagogos
635 702 668 758 et
695 692 816 760 stultos
845 704 995 764 oratores
1023 705 1058 760 et
1084 691 1222 761 rabulas
1249 696 1311 778 illi,

259 781 307 846 ita
331 781 465 845 eosdem
495 778 641 845 Naevius
670 779 807 846 lacessit
836 790 870 845 et
897 778 1099 864 reipublicae
1128 782 1312 866 perniciem

260 867 304 931 ab
324 867 365 931 iis
388 863 555 950 proficisci
584 864 764 950 profitetur.
776 867 810 951 ¹)
849 863 985 932 Plautus
1013 877 1124 934 autem
1151 868 1312 937 nobilium

259 950 424 1016 luxuriam
445 962 569 1017 tantum
590 953 624 1016 in
645 950 932 1037 reprehensionem
963 959 1082 1031 vocat,
1111 971 1219 1038 neque
1240 955 1313 1022 ulla

259 1037 332 1104 iere
352 1041 425 1124 ejus
453 1049 505 1103 ast
526 1039 716 1117 comoedia,
747 1037 781 1102 in
810 1053 878 1123 qua
897 1036 984 1104 hanc
1004 1047 1139 1122 propter
1161 1059 1311 1122 causam,

259 1129 335 1190 'cum
358 1126 401 1190 ab
424 1123 566 1209 ingenua
588 1123 796 1208 simplicitate
817 1122 959 1190 delicere
980 1123 1151 1190 Romanus
1172 1126 1309 1210 videret,

260 1208 390 1276 nobiles
421 1225 488 1276 non
521 1221 657 1276 accuset
669 1210 713 1295 ²).
766 1209 928 1275 simillimi
961 1210 1062 1294 igitur
1098 1209 1237 1294 Plautus
1271 1225 1324 1279 et*

260 1295 422 1375 Naevius,
445 1298 500 1383 qui
522 1307 590 1362 toto
611 1307 720 1362 tamen
743 1295 838 1362 coelo
859 1315 881 1362 a
902 1295 1015 1374 Livio,
1038 1296 1163 1380 Ennio,
1184 1298 1304 1364 Tereo·

262 1384 309 1448 tio
332 1382 463 1448 distant.
511 1382 672 1448 Servilem
698 1382 783 1448 enim
807 1382 1008 1448 Graecorum
1029 1382 1240 1449 imitationem
1260 1383 1308 1450 illl

260 1469 393 1534 omnino
431 1479 590 1553 respuunt
605 1470 656 1554 ⁵),
693 1467 808 1534 Livius
847 1475 957 1534 tamen
989 1463 1023 1532 iu
1056 1471 1310 1550 convertendis,

261 1554 434 1620 Terentius
455 1555 488 1620 in
514 1554 685 1640 eleganter
704 1553 879 1619 reddendis
903 1554 1040 1620 Graecis
1065 1554 1311 1639 exemplaribus

260 1641 307 1706 ite
335 1651 528 1719 versantur,
553 1651 589 1706 ut
617 1641 762 1706 Romani
783 1660 894 1706 mores
915 1651 948 1705 ct
967 1639 1118 1706 hominos
1147 1661 1310 1728 nusquam

260 1728 295 1792 in
319 1733 444 1792 eorom'
462 1726 583 1793 fabulis
613 1728 864 1804 adumbrentur,
893 1724 1017 1792 Ennius
1046 1727 1185 1812 deniqne
1206 1748 1228 1792 a
1252 1749 1311 1794 coo

260 1813 401 1878 moediis
423 1815 555 1878 omnino
580 1811 651 1878 lere
680 1813 834 1878 abstinuit
856 1821 889 1876 et
910 1813 943 1878 in
967 1811 1165 1878 comicorum
1187 1813 1311 1880 Roma·

261 1919 380 1964 norum
401 1915 542 1963 censura
565 1919 587 1964 a
609 1894 762 1964 Volcatio
784 1898 931 1982 Sedigito
961 1899 1108 1964 instituta
1135 1899 1312 1984 antiquita·

259 1986 305 2050 tis
331 1995 456 2050 tantum
514 1983 582 2050 otia
600 1993 634 2050 et
652 1985 781 2050 decimo
802 1983 931 2050 demum
952 1982 1027 2050 loeo
1049 1983 1209 2050 laudatur.
1241 1984 1312 2050 Sed

261 2091 327 2136 uno
359 2069 449 2155 apud
510 2072 668 2137 erentium
697 2068 846 2156 locet),
870 2071 925 2155 qui
955 2091 1117 2154 nusquam
1146 2069 1227 2137 alibi
1255 2090 1313 2136 res

260 2157 431 2224 Romanas
452 2158 597 2241 respicit,
621 2155 737 2243 Pyrrhi
758 2157 849 2240 regis
881 2158 1010 2222 mentiov
1030 2155 1085 2234 lit,
1115 2156 1171 2242 qni
1200 2167 1308 2222 tamen

261 2251 322 2309 re'x
342 2261 366 2308 a
386 2242 529 2308 Terentii
550 2252 660 2308 aetate
683 2245 838 2307 remotior
870 2253 940 2324 est,
970 2259 1036 2308 non
1064 2239 1110 2306 ite
1132 2263 1154 2308 a
1179 2238 1306 2320 Naevii,

260 2340 297 2395 ut
317 2327 484 2408 nesciam,
506 2347 548 2393 an
572 2329 764 2408 Terentius,
787 2349 902 2412 quem,
933 2348 1007 2394 cum
1028 2327 1220 2394 Eunuchum
1240 2325 1306 2393 edi·

260 2415 356 2482 turus
376 2422 477 2494 esset,
498 2413 637 2480 Luscius
657 2413 849 2481 Lanuvinus
871 2414 947 2480 furti
968 2409 1198 2492 incusaverat,
1221 2412 1309 2518 qnod

258 2499 398 2587 parasiti
421 2511 455 2565 et
474 2499 586 2566 militis
608 2499 743 2585 gloriosi
766 2521 931 2585 personas
952 2521 971 2568 e
993 2499 1098 2566 Plauti
1127 2499 1309 2650 Naevirtpue

264 2585 453 2682 Coloceia
483 2586 675 2652 Eunuchum
708 2605 802 2653 suam
835 2585 1037 2670 recepisset,
1069 2597 1203 2671 praeter
1233 2586 1311 2652 ilas

259 2670 682 2825 ffipsoffilitslieifiegiffige
703 2672 812 2740 Plauti
832 2673 1013 2759 Naeviique
1041 2670 1156 2739 labala
1184 2692 1310 2739 sumse-

257 2875 394 2987 eraro.
426 2897 475 2960 Tu
496 2899 556 2961 hoc
577 2879 706 2960 instrue.
742 2895 803 2960 Hic
821 2917 878 2979 ego
899 2915 951 2958 ero
967 2897 1038 2976 posi
1052 2893 1220 2976 principia,
1239 2891 1311 2958 inde

871 2985 1010 3043 omnibus
1033 2983 1153 3063 signum
1177 2984 1267 3045 dabo.

263 3071 400 3134 Gnatho.
436 3070 516 3130 Illuc
539 3075 587 3132 est
609 3090 718 3149 sapere
734 3061 750 3131 .‘
775 3070 818 3132 ut
838 3069 932 3130 hosce
954 3071 1112 3145 iustruxit,
1143 3071 1230 3172 ipsus
1254 3070 1312 3128 sibi

440 3240 528 3302 Idem
549 3240 609 3302 hoc
629 3233 695 3318 jam
717 3237 855 3316 Pyrrhus
877 3240 1037 3306 lectitavit.
1086 3159 1166 3216 cam
1186 3156 1268 3218 loco·

167 3364 170 3371 ’
193 3373 195 3378 ’
258 3370 336 3437 ilco
356 3366 504 3459 quidem,
525 3381 562 3436 ut
584 3369 662 3435 mihi
683 3371 830 3454 videtur,
861 3367 938 3436 loeo
959 3369 1132 3438 Terentius
1153 3369 1232 3438 furti
1253 3387 1309 3437 su·-

196 3479 200 3484 “
263 3457 446 3542 spinionem
469 3457 526 3522 vix
549 3456 694 3541 effugere
716 3469 842 3542 potest,
864 3465 973 3542 atque,
994 3457 1027 3522 ni
1048 3456 1159 3538 fallor,
1181 3477 1201 3522 e
1222 3456 1311 3524 Nae-

260 3543 309 3608 'nti
332 3541 456 3608 Colace
485 3542 571 3608 haec
591 3542 626 3606 in
655 3561 750 3607 suam
779 3541 921 3610 fabulam
948 3542 1121 3610 transtulit.
1161 3541 1311 3629 Namque

257 3630 399 3714 parasiti
429 3647 604 3712 personam
627 3649 646 3694 a
669 3628 775 3694 Plauti
805 3627 947 3708 Colace,
978 3629 1110 3696 militem
1131 3627 1311 3714 gloriosum

185 3753 186 3758 κ
260 3735 283 3781 e
304 3713 420 3782 Naevii
450 3713 564 3780 fabula
593 3714 789 3798 cognomine
809 3714 994 3780 Terentium
1026 3717 1226 3780 desumsisse
1250 3731 1310 3782 sa·

263 3805 371 3887 pras)
395 3802 699 3866 demonstravimus.
743 3799 858 3886 Neque
881 3802 1157 3868 eNaeviauarum
1180 3822 1310 3868 comba

264 3888 392 3958 diarum
421 3886 568 3970 reliquiis
587 3907 653 3951 non
683 3897 831 3965 constat,
862 3907 936 3952 eum
965 3909 1022 3954 res
1049 3885 1150 3952 multo
1174 3896 1251 3952 ante
1272 3908 1311 3954 se

263 3985 411 4058 tempore
433 3969 555 4068 iactas,
576 3968 709 4040 nomina
725 3974 828 4039 etiam
851 3986 988 4040 externa
1013 3971 1135 4040 fabulis
1157 3969 1227 4040 suis
1252 3975 1310 4040 im·
1389 4051 1392 4058 ,

263 4131 472 4148 W

333 4219 363 4290 1)
381 4217 455 4273 md.
475 4223 498 4274 1.
550 4219 581 4290 2)
607 4217 647 4290 of.
674 4215 739 4272 Chr.
757 4216 896 4273 Peterem
919 4221 951 4272 tn
976 4217 1119 4275 zeitschr.
1143 4217 1196 4290 tih-
1218 4217 1314 4275 Alter-

260 4302 392 4358 strumen.
412 4306 486 4362 1836.
498 4315 571 4376 pap.
595 4309 646 4362 609
661 4311 722 4374 s'qq·
774 4301 932 4370 allicere
957 4303 994 4360 de
1017 4307 1118 4366 tanao.
1144 4304 1231 4360 Rom.
1248 4305 1314 4376 fab.

261 4405 331 4463 pap.
349 4392 384 4446 62
400 4405 459 4458 spu.
511 4388 540 4456 4)
560 4387 689 4445 Ennuoh.
708 4387 754 4444 tv,
772 4389 797 4443 7.
817 4396 858 4446 11.
900 4390 930 4459 5)
942 4408 1016 4466 pop.
1035 4396 1093 4450 142
1108 4390 1149 4462 cf.
1161 4407 1234 4466 pap.
1254 4395 1314 4450 tet.
