2890 4948
661 345 910 424 ...74-

255 531 340 598 Livii
360 531 541 598 Andronici
562 547 681 598 versus
707 526 853 600 Saturnii
869 527 921 610 ¹),
950 527 1037 597 marin
1063 537 1142 596 ant,
1160 529 1300 598 Ennium

255 627 382 784 ἓξὲξ
393 617 529 686 Latinos
558 615 661 702 longo
690 635 790 683 versu
817 633 897 684 usos
919 611 1024 681 fuisse
1050 634 1134 683 cave
1163 616 1298 685 conclu·

339 828 529 895 Sermonem
559 846 635 894 esse
663 827 706 893 de
731 825 867 893 foedere
895 846 918 893 a
939 825 1098 894 Romanis
1126 847 1201 894 cum
1220 827 1295 894 Hie·

254 932 335 981 rone
355 933 436 999 rege
457 915 537 992 icto,
558 915 643 979 bene
663 914 834 998 perspexit
847 911 987 996 Merula,
1009 933 1084 979 cum
1104 933 1171 998 quc
1186 923 1296 980 tamen

253 999 545 1086 spangenbergius
565 998 600 1064 in
620 1017 660 1064 eo
681 997 893 1064 vehementer
913 999 1053 1078 erravit,
1075 1000 1162 1085 quod
1183 999 1217 1064 in
1240 1018 1294 1065 se-

252 1085 363 1170 ptimov
375 1081 459 1150 libro
475 1083 583 1149 locum
599 1103 694 1150 suum
725 1083 849 1149 habere
875 1081 943 1148 hoc
962 1081 1178 1166 fragmentum
1198 1095 1293 1167 puta-

252 1181 381 1250 vemnt,
401 1170 448 1237 ita
469 1179 516 1248 ut,
540 1179 641 1256 pacta
661 1189 735 1234 cum
758 1167 1082 1252 Carthaginiensibus
1101 1187 1197 1253 pace,
1217 1167 1292 1234 Hie·

251 1276 367 1320 ronem
393 1274 530 1338 regnum
558 1274 653 1319 suum
687 1254 829 1319 retinere
844 1253 1004 1342 jusserint
1025 1252 1187 1333 Romani,
1218 1275 1292 1318 cum

250 1339 377 1426 reliqua
398 1339 513 1406 Sicilia
534 1339 566 1404 in
589 1339 780 1423 provinciae
801 1337 939 1405 formam
959 1339 1171 1424 redigeretur.
1193 1338 1291 1404 Anno

251 1427 337 1502 enim
353 1423 440 1490 DVI.
457 1446 488 1489 u.
499 1445 530 1488 c.
545 1423 715 1491 Romanos
731 1422 849 1490 foedus
864 1444 937 1490 cum
948 1424 1090 1490 Hierone
1107 1425 1220 1489 iniisse
1243 1425 1289 1489 di·

249 1521 338 1576 serta
366 1519 478 1576 narrat
498 1509 649 1574 Zonaras
662 1514 716 1591 3),
739 1510 834 1594 cujus
854 1511 934 1574 anni
961 1511 1068 1576 deseri
1093 1510 1139 1576 tic
1161 1529 1236 1576 cum
1255 1509 1290 1573 in

248 1606 377 1660 sextum
398 1594 552 1660 carminis
574 1592 693 1660 librum
709 1594 844 1674 incidat,
865 1593 944 1662 hnic
963 1595 1051 1663 libro
1069 1532 1160 1664 Eune
1180 1592 1290 1664 locum

249 1678 480 1746 vindicandum
503 1678 627 1744 censui.

334 1785 441 1882 Simul
460 1805 523 1872 pro
543 1805 612 1853 unc
631 1783 703 1856 iere
722 1785 845 1864 dictum
865 1793 917 1856 est
930 1791 975 1868 ⁴).

750 1965 773 2028 3
835 1943 845 1964 .

329 2103 457 2172 Nonius
473 2108 525 2188 ⁵):
554 2126 687 2172 censere
709 2105 873 2194 ripnificut
893 2110 1088 2192 existimare,
1115 2106 1288 2176 arbitrari.

249 2187 396 2256 Naeuius
421 2189 543 2256 Pernici
563 2191 641 2258 betti
660 2191 746 2258 libro
767 2201 878 2262 sento:
1207 2195 1216 2212 ⁸

409 2308 538 2367 omnent
560 2309 780 2369 enecatarum
802 2311 922 2370 obviam
942 2310 1083 2374 Poenum
1104 2302 1150 2372 .'.

242 2408 404 2476 Henricus
432 2409 622 2495 Stephanus
652 2413 686 2477 iu
714 2413 784 2478 suis
813 2411 905 2478 libris
937 2411 1079 2478 Poenum
1107 2412 1288 2478 desiderari

241 2493 393 2561 affirmat.
435 2496 618 2564 Mercerius
643 2497 807 2574 Poenrrm3
838 2497 919 2564 nihil
951 2507 1141 2564 annotatum
1163 2500 1198 2564 in
1219 2500 1286 2562 edi·

242 2579 331 2680 tione
353 2578 586 2647 Gerlachiena.
628 2583 820 2666 Spengenb.
842 2593 876 2648 et
896 2581 1044 2649 Schuett.
1069 2583 1182 2668 Poeni,
1207 2601 1284 2649 con·

234 2676 387 2814 peomne,
421 2665 457 2732 ni
484 2663 595 2735 fallor.
653 2667 878 2747 Hermauuus,
914 2668 1037 2735 evitato
1073 2669 1108 2734 iu
1144 2669 1286 2736 diacresi

263 2768 295 2815 ra
311 2770 349 2816 u:

405 2862 534 2925 censent
555 2884 593 2925 oo
614 2871 777 2928 venturum
799 2866 917 2928 tibriim
938 2867 1087 2928 Poenum.

237 2965 370 3117 Mfflm
405 2963 478 3034 fere
505 2967 714 3049 Schuettius,
751 2991 947 3056 quamquam
982 2971 1202 3057 pessumdato
1227 2991 1282 3039 ac·

238 3073 258 3118 c
344 3075 354 3114 z

404 3163 533 3226 censent
554 3164 591 3228 eri
612 3167 775 3228 venturum
798 3167 915 3230 ibriim
939 3165 1078 3251 (Potui).

234 3268 324 3334 tuem
345 3267 436 3354 apud
457 3270 765 3356 spangenbergium
785 3273 905 3359 legitur
925 3293 1063 3354 versuo,
1096 3275 1152 3361 qui
1174 3286 1283 3344 tamen

234 3373 354 3422 vocem
377 3353 482 3422 Poeni
502 3359 598 3426 uncis
618 3356 781 3425 liberavit.

320 3485 615 3572 spangenbergius
634 3508 768 3558 versum
789 3491 832 3558 ad
853 3491 986 3559 Poenos
1007 3489 1119 3574 refert,
1142 3494 1197 3578 qui
1216 3493 1280 3560 Lu-

233 3569 367 3651 tatium,
390 3573 485 3656 pacis
508 3575 711 3644 conditiones
733 3578 943 3657 afferentem,
964 3579 1097 3643 obviam
1118 3580 1181 3644 sibi
1201 3598 1279 3644 ven·

232 3667 342 3722 turum
375 3676 443 3724 nou
472 3657 633 3726 immerito
661 3663 930 3730 existimaverint.
974 3662 1020 3728 At
1040 3663 1083 3728 de
1099 3683 1185 3748 pace
1207 3663 1278 3729 ulti-

231 3760 285 3806 mo
316 3739 446 3808 demum
479 3741 564 3809 libro
593 3749 764 3830 agebatur.
814 3747 897 3814 Mihi
927 3748 1058 3834 quidem
1094 3748 1160 3815 hoc
1189 3748 1278 3834 frag*

221 3836 376 3911 mentum
405 3827 451 3894 ad
471 3827 608 3897 Fabium
630 3831 809 3900 Buteonem
838 3833 1003 3920 pertinere
1023 3833 1171 3915 videtur,
1199 3834 1280 3901 Dre-

297 4119 325 4188 1)
346 4116 445 4176 Osann
462 4121 541 4175 anal.
559 4125 624 4178 ortt.
638 4141 711 4200 pap.
725 4127 768 4183 33.
820 4129 850 4197 2)
866 4125 907 4197 of.
917 4142 987 4200 pap·
1005 4130 1048 4186 83.
1101 4132 1132 4203 3)
1151 4129 1221 4186 titt.
1239 4133 1279 4188 tu.

225 4201 363 4350 {2375ss
380 4203 430 4344 :132
441 4201 562 4344 {ullust
583 4205 669 4264 Gottt.
687 4210 729 4266 20.
745 4227 817 4284 pap·
840 4211 895 4267 tus.
943 4212 979 4282 ’5)
998 4231 1020 4268 a·
1038 4231 1062 4268 u.
1082 4229 1195 4272 cenam
1210 4231 1279 4351 pap
