2864 4944
632 349 680 369 ...
734 315 783 389 62
838 345 885 366 -t

237 496 527 584 spangenbergius
542 517 550 562 t

242 660 245 668 .
365 615 409 674 sio
431 612 547 673 Poenol
570 614 814 673 contremiseunt
835 613 973 684 artibus,
996 614 1162 672 universim

364 700 485 778 magnei
507 703 606 758 metus
630 698 780 758 tumultus
802 703 931 774 pectora
952 695 1108 774 poisidet3

365 785 481 844 celsum
502 783 613 844 lunera
635 786 768 864 egitant;
792 786 935 858 exsequia
956 786 1077 859 ititnnt,

365 869 636 945 temulentiamqne
658 870 772 929 tollunt
792 869 912 930 sestam.

237 977 385 1045 Alterum
407 993 539 1041 versum
559 967 802 1062 hypermetrnm
830 985 909 1059 poto
926 977 977 1057 1),
997 983 1048 1048 ot,
1083 973 1287 1059 transposito

238 1065 323 1129 tertii
344 1081 463 1128 versus
485 1063 596 1141 initio,
613 1064 661 1128 ita
681 1081 798 1127 versus
820 1065 999 1126 constitum

366 1180 409 1238 sie
431 1177 529 1236 Poeni
553 1176 795 1238 contremiscunt
822 1175 957 1255 airtibus3
981 1171 1154 1246 univirsinn

367 1262 471 1342 magni
493 1266 592 1323 metus
615 1262 764 1322 tumultus
788 1265 915 1339 pectora
936 1261 1090 1340 possidit3
1114 1255 1237 1320 caesim

365 1348 483 1428 egitint
504 1350 623 1424 funera,
647 1348 805 1426 exsequias
828 1348 931 1408 itittint
953 1346 1223 1422 temulentia'mque

364 1435 480 1494 tollunt
508 1436 627 1494 festam.

278 1540 529 1714 ltllmulmia
547 1543 637 1630 festa
666 1557 707 1607 ea
729 1547 798 1620 est,
822 1537 928 1626 qualis
950 1535 1045 1607 festis
1067 1538 1183 1605 diebus
1209 1557 1287 1604 esse

237 1649 310 1698 soe
378 1677 387 1692 .

323 1737 467 1803 Pertinet
495 1734 712 1820 fragmentum
741 1735 784 1801 ad
817 1735 963 1816 Poenos,
1000 1727 1281 1819 navaliproelio,

239 1828 323 1891 duce
353 1821 552 1901 Hannibale,
574 1823 691 1887 iterum
721 1831 924 1906 prostratos,
956 1843 1054 1909 quam
1077 1830 1210 1908 propter
1224 1842 1286 1905 pn*

239 1931 338 1998 gnam
351 1909 518 1976 Hannibal
539 1909 572 1972 in
596 1925 727 1974 crucem
749 1929 772 1974 a
797 1909 928 1976 civibus
950 1910 1020 1974 suis
1035 1907 1121 1974 fixus
1135 1911 1243 1988 est3).
1319 1986 1323 1994 1

755 2043 786 2110 6.

323 2161 442 2234 Festus
457 2163 509 2246 ⁴):
551 2165 744 2247 stuprum
782 2179 851 2252 pro
894 2163 1097 2250 turpitudine
1134 2164 1289 2249 orttiqeos

239 2251 361 2321 dixisse
381 2257 545 2337 apparet,
571 2250 736 2315 Nneninst

449 2370 581 2444 senique
604 2369 629 2424 ii
647 2371 755 2442 perire
776 2369 935 2427 minolunt
957 2362 1068 2425 ibidem

405 2469 496 2530 quam
520 2454 587 2511 otim
610 2460 719 2528 stupro
741 2455 845 2513 redire
870 2455 916 2512 dd
935 2472 1011 2511 nuos
1031 2449 1214 2526 populares,

328 2555 474 2642 Strnpro
497 2558 621 2628 codext
652 2565 769 2642 stupro
791 2569 881 2622 recte
902 2555 1052 2622 Ursinus
1096 2553 1160 2619 Pro
1180 2552 1286 2620 altero

239 2637 352 2711 redire
372 2641 510 2709 Bothius
526 2647 578 2724 ⁵),
609 2649 644 2706 ut
671 2643 799 2722 hiatus,
830 2645 884 2728 qni
914 2644 947 2707 in
978 2639 1098 2706 dieresi
1120 2639 1287 2705 offendere

240 2732 428 2817 neutiquam
450 2735 570 2814 potest,
593 2731 722 2808 vitetur,
743 2727 882 2796 rebiteie
905 2729 1057 2816 conjicit,
1079 2727 1165 2811 quod
1187 2745 1286 2792 voca³

238 2816 351 2885 bulum
381 2817 486 2898 magis
520 2809 722 2880 Naevianum
761 2817 840 2881 dicit
858 2820 899 2902 ⁶).
952 2816 1020 2880 Sed
1060 2827 1197 2877 necesse
1234 2820 1286 2876 est

240 2901 355 2990 perire
378 2903 473 2966 etiam
495 2903 528 2963 ln
549 2895 714 2983 perbitere
735 2913 854 2980 mutet,
886 2902 916 2966 si
944 2902 1008 2967 sibi
1030 2909 1182 2964 onustare
1204 2896 1284 2963 vult,

325 3011 378 3079 Ad
400 3007 561 3094 Regulum
584 3029 605 3074 a
629 3009 956 3094 Carthaginiensibus
985 3011 1092 3096 pacis¹
1108 3009 1284 3076 eonoilien⁸

239 3099 304 3163 dno
328 3116 430 3161 eausa
452 3095 591 3161 Romam
614 3097 767 3176 missum,
800 3098 842 3160 ad
872 3110 1020 3182 quartum
1049 3097 1147 3180 igitur
1169 3096 1285 3160 carmi«

239 3185 292 3250 nis
326 3180 463 3260 librum,
498 3198 614 3247 versus
644 3183 806 3265 pertinere
837 3183 1127 3268 Spengenbergius
1158 3182 1284 3258 statuit,

240 3292 306 3357 que
326 3269 359 3334 in
383 3290 429 3347 re,
452 3268 540 3333 utin
564 3269 714 3333 omnibus
735 3268 815 3347 lere,
839 3291 923 3356 quae
944 3271 985 3334 ad
1009 3269 1150 3355 quinque
1172 3279 1284 3352 poste-

239 3358 347 3421 riores
369 3354 470 3420 libros
492 3354 672 3438 pertinent,
702 3375 765 3421 nee
786 3373 852 3420 non
873 3358 907 3420 in
928 3355 988 3436 iis,
1022 3370 1106 3440 quae
1128 3375 1147 3418 e
1169 3355 1284 3437 priori-

238 3437 303 3510 bue
324 3440 418 3506 libris
440 3441 599 3518 citantur,
628 3455 817 3526 sequentem
848 3439 948 3508 habet
969 3441 1190 3518 Schuettium,
1218 3440 1285 3524 qui,

240 3527 392 3614 quamvis
423 3527 464 3590 de
492 3524 685 3610 fragmentis
714 3527 748 3593 in
773 3528 900 3616 justum
936 3527 1046 3594 locum
1076 3525 1286 3592 restituendis

310 3773 337 3841 l)
351 3771 459 3846 fragm.
471 3771 546 3826 Pnn.
563 3767 626 3826 bell.
636 3770 654 3826 l.
664 3773 690 3840 li;
703 3766 748 3826 W.
758 3770 778 3827 l.
814 3773 844 3842 i)
858 3767 987 3829 Baebad
996 3764 1078 3828 Ovtd.
1091 3769 1287 3844 Metamorplu

240 3855 300 3913 Xll.
324 3859 391 3923 2143
422 3856 551 3912 Waltlwr
576 3858 617 3912 ad
644 3849 735 3912 Tacit.
761 3853 864 3912 Annei.
884 3855 927 3910 lll.
945 3857 980 3923 93
1004 3857 1038 3910 V.
1057 3859 1090 3921 l;
1112 3855 1287 3912 Doederlein

240 3941 306 3998 Lat.
327 3939 503 4012 synonymtk
520 3942 565 3997 lV.
585 3961 657 4016 paq.
675 3941 742 4008 too,
773 3935 886 3998 Goeller
911 3942 951 3996 od
972 3941 1096 3997 Cicerone.
1117 3942 1200 3998 Or'at.
1216 3960 1287 4016 pays

242 4027 308 4084 19θὸ
335 4025 412 4080 Pttn.
440 4027 530 4100 Epist.
559 4028 591 4082 ll.
619 4027 666 4096 173
695 4023 778 4079 Ouid.
805 4017 875 4080 Met.
895 4025 938 4079 lll.
957 4019 1008 4082 528
1033 4027 1116 4097 (fenti
1135 4029 1286 4093 clamores,

238 4111 388 4181 ululatus).
406 4111 656 4168 Boetticlterlexic.
677 4111 841 4185 Tasitpag.
853 4111 910 4166 198.
945 4112 976 4182 3)
995 4112 1095 4184 Polyb.
1106 4111 1182 4176 l.i⁴l;
1204 4109 1285 4168 Oros.

239 4193 274 4250 V.
291 4197 323 4263 73
341 4195 415 4252 Eun.
429 4196 638 4270 nunnitus.-
655 4194 706 4267 Sp.
734 4196 764 4263 4)
782 4214 804 4250 s.
821 4214 845 4250 o·
864 4205 995 4272 stuprum
1006 4217 1080 4272 paq.
1098 4198 1156 4252 317.
1175 4196 1219 4252 M.
1254 4199 1285 4262 5)

239 4277 349 4354 fragm.
366 4290 519 4357 iraeneo.
538 4281 582 4337 96.
616 4278 792 4350 ennecone·
807 4279 868 4336 hin.
886 4282 1013 4337 Andron.
1029 4281 1139 4357 fragm.
1153 4301 1225 4358 pay.
1242 4281 1287 4338 tu
