2864 4944
636 371 886 448 ...53..

154 571 162 591 ¹
233 553 404 619 sententio.
449 551 584 618 Certant
608 554 712 638 primo
735 552 822 621 bello
846 554 971 620 Punico
993 553 1036 618 de
1056 553 1172 620 Sicilia
1192 555 1276 622 Poe·

233 639 266 704 ni
289 637 509 722 Romanique3
545 659 643 722 quem
671 640 714 703 ed
744 639 912 707 Romanos
941 642 1105 724 pertinere
1136 640 1279 708 insulem

232 735 330 810 poeta
351 724 471 788 docere
493 722 579 799 vult3
601 725 711 810 itaque
732 725 863 792 fabulas
885 727 926 790 de
943 725 1096 812 Drepane
1119 738 1152 792 et
1166 728 1278 812 Eryce

232 820 418 876 uerruntem
440 808 520 874 iecit
541 811 654 874 nescio
677 831 772 895 quem
793 811 857 890 ite,
890 825 926 877 ut
959 833 1043 896 quoe
1065 811 1176 895 peullo
1199 826 1277 889 ante

231 907 368 962 mortem
398 917 490 960 suem
518 894 683 960 Anchises
711 897 743 961 in
775 895 933 964 honorem
964 909 999 962 ct
1031 899 1183 963 solatium
1208 900 1278 964 Ro-

111 1031 116 1050 .
232 1002 401 1048 muncrum
433 982 662 1064 praedixerat,
695 995 866 1065 repeteret.
911 983 947 1048 Si
977 1004 1057 1049 vero
1088 984 1153 1048 hoc
1175 987 1275 1050 etiem

236 1067 312 1134 loco
342 1068 500 1132 Naevium
530 1067 704 1151 exscripsit
726 1069 904 1158 Virgilius,
936 1069 1068 1147 dubito,
1098 1091 1141 1134 an
1175 1068 1278 1135 ullum

231 1155 337 1236 magis
360 1155 492 1234 deceat,
521 1153 563 1217 de
591 1155 698 1218 omine
727 1152 783 1219 illo
813 1168 845 1219 et
874 1166 942 1219 tota
971 1154 1084 1220 sabula
1106 1157 1277 1221 Romanos

232 1242 420 1318 admonere,
448 1259 549 1325 quom
573 1239 734 1318 Duilium,
757 1240 810 1304 cui
831 1240 964 1305 insolito
986 1241 1096 1306 adhuc
1117 1243 1276 1310 Romanis

231 1325 413 1412 proeliandi
436 1344 557 1407 genere
578 1326 807 1404 dimicandum,
838 1326 948 1411 itaque
971 1327 1088 1392 milites
1110 1329 1277 1412 trepidan-

230 1423 282 1478 tes
304 1411 448 1476 seeundo
471 1412 578 1474 omine
599 1412 642 1475 ad
664 1410 885 1477 fortitudinem
908 1413 1085 1478 revocandi
1108 1426 1210 1478 erant

317 1530 383 1596 Sed
406 1528 493 1596 aliud
517 1531 614 1595 etium
637 1531 741 1597 estin
763 1529 815 1595 his
839 1531 952 1598 Naevii
984 1533 1093 1598 verbis
1115 1553 1275 1597 memora·
1352 1599 1360 1616 ,

231 1629 266 1685 tu
289 1619 438 1700 dignum,
461 1619 493 1680 in
517 1637 581 1700 quo
604 1627 636 1682 et
659 1619 732 1701 ipso
764 1616 922 1700 Virgilius
953 1639 1025 1682 eum
1054 1618 1194 1685 imitatus
1226 1639 1294 1683 es·

232 1724 270 1769 se
293 1705 429 1768 videtur.
478 1701 646 1768 Anchisen
676 1704 762 1768 enim
794 1704 961 1787 quantum,
982 1703 1116 1772 fulmine
1144 1717 1277 1784 tactum,

231 1790 338 1855 visum
374 1786 525 1853 amisisse
555 1788 588 1854 in
617 1787 737 1854 fabulis
768 1788 811 1852 sit
826 1792 878 1870 1),
917 1793 1127 1878 quamobrem
1163 1791 1276 1878 Troja-

230 1897 345 1942 uorum
369 1872 517 1940 conciliis
538 1896 602 1940 non
626 1873 811 1940 interfuisse
832 1875 967 1956 dicitur,
998 1875 1143 1944 Naevius
1167 1888 1276 1941 tamen

232 1973 265 2026 ct
292 1959 448 2044 Virgilius
478 1981 552 2024 eum
581 1963 791 2026 obcaecatum
829 1981 895 2024 non
926 1959 1055 2042 dicunt,
1087 1963 1144 2026 sed
1170 1961 1276 2046 Virgi-

230 2047 295 2115 lius
332 2045 485 2111 membris
515 2057 635 2116 tantum
674 2045 812 2110 debilem
844 2067 916 2110 eum
948 2047 1053 2112 fuisse
1083 2060 1116 2112 et
1146 2058 1278 2132 coptum

231 2145 351 2212 narrat,
373 2134 405 2197 in
429 2154 506 2218 quo,
528 2134 590 2197 nisi
612 2129 719 2213 fallor,
740 2132 900 2197 Naevium
922 2130 1036 2201 habuit
1052 2145 1274 2218 praeeuntem.

318 2252 367 2317 lle
389 2271 490 2329 more,
513 2253 663 2316 victimas
685 2251 809 2316 auratis
832 2253 987 2317 cornibus
1010 2254 1167 2336 insignes
1191 2274 1274 2338 quas

231 2359 347 2423 eureos
369 2335 528 2402 hocloco
549 2349 648 2421 poeta
670 2337 767 2416 dicit,
797 2337 984 2430 immolandi
1014 2340 1192 2425 disputavit
1211 2340 1274 2404 Eu

231 2425 369 2492 stethius
391 2427 432 2508 ²).

736 2541 767 2605 i.

315 2653 503 2735 Nonius³)=
543 2661 690 2733 atrox,
726 2645 871 2720 crudum.
925 2653 1069 2720 Naevius
1098 2654 1175 2720 delli
1209 2653 1271 2721 ru

230 2742 297 2809 ttici
320 2741 405 2805 libro
428 2739 541 2803 tertio:

356 2866 449 2926 simul
469 2867 590 2924 atrocia
607 2867 803 2940 prostrarent
825 2869 900 2926 ἑπτα
921 2867 1169 2926 ministratdres.

316 2979 362 3043 lto
384 2977 575 3041 Mercerius.
598 2986 694 3042 extro
714 2979 885 3044 Leidensis
908 2981 1026 3058 codex,
1049 2998 1144 3064 quem
1167 2980 1272 3063 sequi*

229 3076 283 3131 tur
310 3062 517 3139 Schuettius3
545 3064 759 3158 projecerunt
789 3065 886 3129 Hudr.
919 3065 1035 3133 Junius
1062 3067 1096 3130 in
1127 3063 1271 3128 animad-

229 3152 355 3226 versis3
384 3152 595 3234 porricerent
622 3149 708 3215 idem
737 3152 770 3214 in
806 3152 946 3217 editione
975 3171 1054 3223 suc;
1087 3151 1273 3234 porriciunt

229 3237 418 3322 Spangenb.
442 3246 474 3300 et
496 3234 641 3300 Selruett.
657 3249 835 3319 praeeunte
850 3237 978 3306 Merula
991 3240 1034 3320 ⁴).
1078 3235 1159 3301 Mihi
1176 3238 1273 3300 unice

229 3344 310 3388 vera
341 3323 493 3389 Mercerii
523 3320 620 3387 lectio
647 3323 797 3406 ridetur,
836 3345 919 3412 quac
947 3324 1024 3387 inde
1057 3321 1274 3406 corruptelam

180 3440 184 3446 ·
230 3410 348 3487 traxit,
371 3408 456 3500 quod
481 3406 617 3494 glossae
635 3412 846 3492 pmro'oerent
867 3419 900 3474 et
922 3409 1135 3499 projecerunt
1159 3428 1274 3473 veram

182 3517 186 3522 ·
228 3494 421 3573 lectionem,
442 3493 628 3557 inusitatam
649 3494 738 3560 illam
759 3507 857 3582 utque
879 3497 1034 3578 ignotam,
1060 3494 1133 3558 loco
1153 3494 1273 3560 cedere

223 3583 389 3669 juberent.
435 3579 611 3644 Prosioere
632 3593 740 3645 eutem
764 3583 914 3665 quamvis
935 3576 1001 3646 olio
1024 3580 1099 3644 loco
1129 3581 1274 3644 invenie-

229 3679 281 3732 tur
303 3665 412 3744 nullo,
443 3667 653 3730 evocohulis
674 3679 781 3732 tamen
814 3669 990 3752 prosicium
1019 3676 1052 3730 et
1078 3667 1273 3750 proeium)

229 3773 391 3837 apparere
413 3752 559 3829 videtur,
582 3755 716 3816 verbum
738 3751 815 3816 illud
839 3757 871 3816 in
894 3775 955 3819 usu
979 3753 1143 3838 quondum
1159 3751 1274 3830 luisse,

230 3841 315 3930 quod
339 3860 413 3904 cum
434 3835 574 3904 librariis
596 3839 771 3907 inauditum
790 3841 965 3918 videretur,
988 3837 1173 3924 explicandi
1197 3857 1274 3912 ceu·

298 4017 325 4083 l)
348 4013 464 4069 erroius
482 4014 523 4070 ad
545 4012 620 4086 Vlrp.
640 4012 840 4081 Aen..1.nl7;
867 4013 966 4086 Hersttc
990 4031 1098 4070 moure.
1124 4012 1208 4072 xvh.
1234 4013 1274 4070 ad

227 4102 296 4158 Aen.
316 4099 366 4164 ll.;
391 4097 495 4170 lippire.
520 4095 583 4167 fal.
608 4095 712 4150 XGlV.
763 4099 792 4164 2)
811 4099 851 4154 ad
877 4100 961 4154 Hom.
989 4099 1089 4170 Odyss.
1108 4116 1177 4171 pap.
1198 4098 1271 4150 1475.

226 4185 269 4240 32.
289 4185 333 4238 ed.
355 4183 454 4250 Rom.;
482 4183 598 4255 Popmu
621 4182 661 4236 ad
685 4182 801 4238 Varrone.
827 4187 864 4240 de
882 4186 950 4256 litto.
978 4185 1043 4238 Lar.
1065 4203 1136 4259 pop.
1165 4185 1212 4238 18ss
1229 4183 1272 4236 erl.

229 4269 295 4340 Rip.
347 4269 378 4336 3)
397 4286 419 4321 s.
437 4285 461 4322 c·
480 4273 575 4320 atrorc.
596 4284 666 4338 pap·
685 4268 727 4322 76.
748 4267 837 4322 Mero.
860 4273 902 4324 54.
925 4269 1000 4325 Gerl.
1020 4277 1048 4324 ot
1070 4268 1153 4323 eorl..
1208 4269 1237 4333 4)
1256 4267 1274 4320 l.

229 4355 249 4409 l,
265 4372 334 4428 pop.
354 4353 412 4406 ⁴25.
465 4353 496 4418 5)
516 4349 615 4406 Fertur
632 4369 700 4425 pap.
719 4355 778 4409 225.
802 4353 901 4410 Mucii.
