2918 4952
637 373 915 452 -158-

249 567 390 702 matzil
407 552 699 723 cgplpqquprettut
718 551 797 637 dict,
818 571 885 618 non
900 551 1021 637 dedito,
1045 556 1299 642 connutritae·

764 757 922 830 protinam

247 875 270 920 c
288 857 454 940 protinus,
475 861 719 926 continuitatem
740 857 930 948 significuus
942 861 984 945 ¹).
1040 883 1042 888 ·

248 966 434 1054 significant
457 967 582 1054 Gryph.

720 1137 821 1206 Leon

332 1258 436 1333 Quod·
451 1258 549 1344 hujus
570 1257 704 1324 fabulae
732 1259 830 1326 fuerit
851 1268 1096 1342 argumentum,
1118 1258 1295 1326 incertissi-

245 1363 333 1409 mum
362 1356 424 1410 est.
479 1344 618 1410 Multum
639 1356 749 1412 tamen
780 1346 845 1410 hac
864 1346 898 1409 in
918 1365 956 1409 re
977 1343 1066 1411 valet
1089 1344 1186 1410 Gellii
1199 1349 1230 1427 2)
1253 1348 1295 1412 de

242 1451 288 1494 ea
316 1433 553 1511 testimoninm,
608 1433 673 1497 uod
693 1433 854 1510 Naevium
875 1432 909 1495 in
938 1449 1073 1496 carcere
1099 1429 1231 1515 publico
1262 1444 1295 1498 et

244 1515 334 1583 hanc
364 1516 509 1582 fabulam
538 1529 571 1582 et
622 1517 758 1584 ariolum
789 1517 930 1584 affirmat
961 1516 1218 1602 conscripsissse
1252 1537 1293 1584 en

244 1601 395 1681 consilio,
418 1615 453 1668 nt
475 1605 598 1690 probra
612 1605 646 1669 in
667 1625 825 1689 proceres
845 1604 998 1682 civitatis,
1013 1602 1294 1688 Metellum‘prae-

243 1691 341 1776 cipue
354 1697 397 1754 et
417 1689 618 1774 Scipionem,
640 1692 791 1778 conjecta
813 1700 986 1756 revocaret
1002 1699 1035 1754 et
1048 1689 1295 1757 Stesichorenm

243 1775 339 1862 quasi
369 1787 503 1840 caneret
531 1773 741 1860 palinodiam.
793 1775 887 1850 Quae
916 1797 991 1841 cum
1012 1777 1058 1841 ita
1090 1779 1175 1854 sint,
1208 1773 1291 1842 Dra·

241 1860 480 1929 kenborchium
494 1865 525 1944 ³)
555 1863 673 1940 miror,
697 1863 752 1946 qni
766 1861 903 1928 Leontis
919 1860 1052 1928 fabulae
1067 1873 1292 1946 argumentum

154 2025 157 2030 ¹
241 1952 367 2015 dubitat
388 1968 431 2011 an
453 1947 544 2012 Leon
568 1947 622 2014 ille
644 1947 753 2029 fuerit,
776 1970 841 2033 quc
863 1957 1043 2014 accusante
1064 1947 1290 2034 Apollodorus

240 2037 382 2121 quidam,
403 2034 458 2118 qni
478 2033 618 2100 Athenis
634 2033 804 2100 deficiendi
818 2056 840 2100 a
860 2035 1077 2100 Romanis'ad
1092 2033 1292 2100 Antiochum

240 2133 357 2188 auctor
377 2119 502 2196 fuerat,
533 2121 566 2183 in
588 2119 744 2186 auxilinm
776 2120 901 2209 ejectus
931 2121 1038 2204 est4).
1090 2120 1292 2186 Acciderunt

240 2209 326 2272 enim
348 2206 489 2270 haeres
511 2226 597 2270 auno
627 2229 660 2289 p.
685 2228 718 2270 u.
745 2226 774 2271 c.
798 2206 951 2285 nuxit,
983 2206 1037 2290 qni
1067 2217 1119 2271 est
1140 2227 1246 2272 annus
1266 2227 1290 2272 a

237 2305 365 2359 mortno
387 2291 514 2354 Naevio
544 2291 783 2357 duodecimus
812 2292 928 2376 Neque
958 2293 1000 2355 de
1029 2289 1155 2358 Leonte
1176 2291 1287 2357 Phlia-

237 2380 335 2463 si05)
365 2376 419 2442 vel
442 2377 600 2461 Sicyonio
612 2379 645 2462 ⁶)
676 2377 814 2460 cogitari
835 2388 962 2462 potest,
992 2377 1202 2462 Pythagorae
1231 2397 1287 2444 ae·

237 2465 338 2550 quali,
352 2484 458 2548 neque
475 2463 650 2528 de·Leonte
666 2464 874 2548 Megarensi,
905 2463 1077 2530 Ciceronis
1098 2464 1229 2550 aequali
1240 2467 1285 2548 7).

235 2552 347 2618 Meam
380 2549 640 2634 qualemcunque
662 2550 703 2614 de
724 2550 849 2614 Leonte
870 2549 984 2616 fabula
1016 2553 1210 2618 sententium
1227 2571 1285 2615 su·

235 2641 340 2722 pra⁸)
361 2635 513 2720 patefeci.
557 2636 625 2700 Vix
646 2637 731 2700 enim
752 2636 874 2718 dubito,
891 2637 969 2720 quin
991 2655 1032 2700 ea
1053 2637 1097 2701 ad
1116 2637 1286 2703 Metellum

234 2723 435 2809 pertinuerit.
478 2721 658 2786 Marcellus
688 2721 792 2801 enim,
822 2723 999 2806 antequam
1020 2721 1205 2806 Syracusas
1226 2724 1284 2788 ab·

235 2812 407 2875 obsidione
430 2807 548 2887 cinxit,
578 2808 622 2872 ad
650 2806 878 2894 Hexapylum,
908 2829 1004 2892 quem
1026 2807 1135 2874 locum
1157 2811 1285 2877 Leonta

233 2899 332 2961 etiam
353 2893 775 2971 vocabant,‚hibernacula
795 2904 880 2958 teste
901 2895 994 2959 Livio
1009 2899 1041 2976 ⁹)
1064 2897 1283 2962 communivit.

233 2983 316 3047 'lum
338 2991 447 3046 antam
463 2979 503 3052 Q.
519 2978 610 3044 illum
625 2979 806 3062 Metellum,
824 2979 926 3047 Caeci
938 2979 1050 3066 filium,
1068 2983 1232 3068 stipendia
1247 2983 1282 3052 in

127 3120 129 3124 -
231 3063 346 3134 Sicilia
367 3069 527 3131 meruisse
548 3076 637 3150 puto.

286 3251 296 3264 ,
316 3179 520 3262 Fragmenta
540 3198 606 3244 nou
627 3185 774 3244 exstant.-

565 3372 700 3458 (Intdos
720 3371 791 3440 sive
814 3371 961 3455 Sotira).

316 3516 470 3583 Dubitari
491 3518 629 3602 primum
648 3519 690 3582 de
707 3516 839 3584 fabulae
859 3516 960 3581 inscri
986 3517 1075 3584 tione
1093 3537 1231 3604 eamque
1244 3518 1279 3586 in

231 3599 343 3689 Lydus
372 3606 561 3669 mutandam
591 3605 713 3669 censui.
764 3603 849 3667 Nam
878 3539 1031 3690 vocallp
1059 3625 1123 3672 nec
1150 3605 1283 3676 Livium

228 3711 292 3756 nec
313 3691 475 3756 Naevium
496 3711 576 3756 usos
592 3711 668 3756 esse
683 3689 810 3754 Marius
828 3687 1019 3756 Victorinus
1031 3695 1085 3772 ¹⁰)
1100 3693 1278 3758 memoriae

166 3847 171 3854 p
227 3778 380 3862 prodidit.
422 3777 489 3843 Pro
513 3777 607 3864 Irpdo
629 3777 727 3862 igitur
746 3775 894 3842 Naevius
916 3775 1045 3844 Ludunt
1066 3779 1227 3866 exaravit,
1244 3789 1278 3846 et

225 3933 435 3956 ..ι-...ψι-

295 4021 323 4090 1)
348 4021 387 4093 cs.
408 4021 503 4076 Colac-
526 4017 636 4096 fropm.
651 4021 677 4080 3.
728 4017 926 4092 2)111.3.15.
978 4025 1007 4091 3)
1026 4024 1067 4080 ad
1084 4023 1145 4078 Lr'o.
1160 4023 1289 4096 XXXV.¹

225 4111 268 4166 50.
287 4111 312 4162 Δ.
364 4107 393 4177 4)
412 4108 450 4178 cf·
469 4107 529 4162 utu.
549 4107 792 4166 l.l.etXXXVlll.
813 4117 853 4166 10.
889 4109 917 4178 5)
939 4107 1029 4164 Cicer.
1052 4105 1281 4166 Tonantes.

225 4193 256 4264 6)
275 4191 396 4266 Diopcn.
414 4191 512 4246 Laert.
526 4210 658 4266 prooem.
678 4199 712 4252 12
739 4201 768 4248 et
785 4191 857 4247 Vlll.
874 4199 898 4252 8.
950 4196 981 4267 7)
1005 4197 1046 4266 ⁶f·
1065 4197 1096 4248 in
1119 4191 1196 4248 Vern.
1215 4201 1273 4250 oct.

223 4277 258 4334 ll.
276 4284 302 4336 5.
321 4284 347 4335 7.
400 4279 430 4347 8)
450 4276 488 4346 cf.
509 4294 582 4350 pop.
609 4283 667 4336 155.
725 4278 757 4344 9)
782 4275 882 4332 XXIV.
910 4283 952 4338 39.
979 4281 1021 4338 13.
1073 4281 1122 4350 10)
1149 4279 1169 4334 l.
1196 4285 1222 4338 4·
1246 4283 1273 4338 4.

218 4382 289 4439 pap·
306 4369 331 4422 8.
355 4361 400 4418 ed.
422 4361 572 4432 Gatsford.
1143 4383 1147 4392 ¹
