2890 4948
559 298 921 448 -rre-.

167 530 240 575 men
263 510 357 578 locus
379 514 508 590 veniat,
542 513 597 578 ubi
628 525 769 597 cogente
795 517 869 600 ripa
897 515 1068 598 flectatur,
1097 521 1143 584 ita
1173 541 1215 584 ne

165 600 393 664 atrocissimus
431 600 559 684 quidem
595 600 628 664 iu
661 601 711 666 ira
741 623 802 668 sua
834 623 966 687 semper
1001 625 1216 690 perseverare

165 685 281 766 possit.
327 685 471 749 Eandem
491 685 562 750 fere
583 686 777 753 sententiam
795 687 932 753 Botbius
947 689 1119 772 professus
1136 703 1214 757 erat.

167 770 294 835 Versus
317 793 382 834 non
406 773 501 836 unius
523 793 686 856 personae
709 777 778 851 est,
813 777 872 840 sed
895 777 1045 842 dimidius
1067 778 1215 863 ejusdem

166 868 228 934 est,
252 859 305 940 qui
330 859 361 919 in
386 861 564 922 avertendo
580 857 736 944 Lycurgo
759 883 780 926 a
803 861 990 944 pernicioso
1014 855 1213 949 persequen-

165 943 197 1005 di
228 942 351 1006 Bacchi
382 943 521 1009 consilio
552 943 699 1024 laborat,
742 948 895 1012 dimidius
923 948 1028 1031 ipsius
1058 951 1211 1034 Lycurgi.

164 1027 327 1092 obsecrat
351 1032 435 1092 enim
458 1029 513 1093 iile
535 1049 646 1112 regem
667 1053 786 1110 suum,
818 1055 860 1098 ne
890 1036 982 1118 ipsos
1012 1036 1104 1102 cives
1133 1044 1213 1102 suos

163 1126 310 1192 evertat,
342 1135 425 1198 quos
448 1127 480 1180 et
502 1119 597 1200 ipsos
619 1116 730 1183 surore
751 1119 942 1199 Bacchico,
973 1125 1084 1206 utqui
1107 1123 1213 1189 amnis

161 1201 267 1265 instar
289 1203 373 1265 ultra
395 1207 517 1284 serpat,
541 1215 712 1286 correptos
734 1202 810 1269 esse
832 1206 911 1272 dicit
923 1212 967 1286 1).
1008 1205 1069 1273 Cui
1089 1208 1211 1292 Lycur·

162 1306 241 1370 guo,
265 1307 392 1351 amnem
414 1287 500 1352 ultra
522 1287 619 1353 litora
641 1307 871 1374 progressum,
901 1294 999 1358 mode
1023 1293 1211 1359 inflectatur

161 1384 195 1437 et
216 1373 387 1438 Maeandri
418 1377 522 1438 instar
550 1373 731 1440 flexuosum
764 1399 895 1444 cursum
928 1391 1040 1444 tenere
1062 1393 1211 1463 cogatur,

160 1459 260 1524 i'acile
282 1461 412 1544 reprimi
434 1483 535 1544 posse
551 1464 747 1546 respoudet3
770 1465 815 1529 ita
836 1485 874 1529 se
890 1484 1019 1552 quoqne
1040 1479 1210 1532 cautorum

73 1559 76 1565 “
160 1567 249 1626 esse,
271 1567 314 1612 ne
333 1547 365 1610 in
389 1546 453 1611 hae
476 1546 551 1612 labe
575 1550 666 1614 cives
682 1550 740 1613 sui
762 1551 817 1615 diu
838 1564 1053 1635 perseverent
1063 1559 1107 1635 2).

249 1667 305 1732 Cis
316 1689 375 1752 pro
396 1669 487 1734 uitro
501 1669 591 1754 poni,
609 1669 771 1756 exemplis
779 1671 1032 1742 additisNouius
1044 1676 1079 1758 a)
1101 1674 1208 1740 docet.

653 1839 705 1905 16.

243 1962 433 2044 Nonius⁴)=
456 1962 639 2026 acrimonia
653 1968 701 2026 est
723 1963 824 2026 animi
841 1963 1010 2029 atrocitas.
1061 1963 1207 2030 Naevian

159 2050 335 2136 Lyeurpo:
697 2139 700 2147 .

242 2197 281 2236 ne
304 2171 358 2234 itte
368 2177 430 2234 mei
438 2173 506 2250 seri
514 2169 622 2252 ingeni
632 2180 726 2252 atque
736 2174 836 2234 enimi
844 2173 1183 2250 dorem-emimentem
1197 2217 1204 2234 .

156 2293 217 2354 mei
237 2291 308 2376 fert
328 2290 449 2373 inponit
473 2289 548 2372 couj
575 2287 758 2370 Bongars.;
781 2305 846 2352 nae
867 2289 925 2352 itte
948 2291 1009 2352 mei
1029 2289 1100 2376 fert
1117 2289 1203 2374 conj.

157 2375 284 2451 Seriv.;
307 2395 370 2436 nae
392 2378 478 2438 limet
499 2373 553 2436 vel
575 2376 681 2436 elimet
713 2375 816 2457 (quod
839 2377 975 2438 verbum
1004 2397 1064 2455 pro
1083 2383 1206 2460 perpet

158 2481 218 2523 seu
248 2460 406 2522 diminuat
428 2460 492 2522 dici
514 2456 600 2542 vult)
623 2459 693 2544 feri
712 2459 846 2541 inpetriri
871 2459 956 2543 conj.
981 2457 1075 2522 Both.
1100 2460 1203 2524 ,Ver-

156 2547 233 2610 bum
256 2543 383 2610 sciiieet
405 2545 681 2610 desideraverunt.
726 2542 835 2608 Recte
857 2543 923 2608 boc
946 2541 1021 2608 loeo
1041 2545 1203 2612 Dueutze·

154 2653 212 2696 rus
233 2632 381 2709 verbum,
404 2631 490 2714 quod
514 2629 713 2706 desiderant,
737 2641 794 2694 aut
810 2627 921 2706 altero⁶
937 2650 1035 2694 versu
1056 2643 1204 2717 secutum¹

153 2730 221 2797 aut,
244 2729 280 2782 ut
301 2719 332 2780 iu
355 2717 504 2781 oratione
527 2719 692 2780 concitata
715 2713 784 2779 fieri
804 2715 901 2794 solet,
924 2717 1080 2780 omissum
1101 2731 1201 2800 putat.

152 2804 188 2868 ln
212 2825 252 2869 eo
274 2817 381 2868 autem
403 2801 538 2881 fallitur,
562 2803 649 2886 quod
672 2810 803 2868 accuset
826 2803 897 2866 sive
919 2801 995 2865 miti
1027 2805 1204 2888 exprobret

152 2890 310 2955 omissum
334 2911 408 2954 esse
439 2890 617 2952 arbitratur
638 2900 671 2952 et
700 2889 802 2952 verba
824 2909 845 2951 a
874 2887 1029 2974 Lycurgo
1054 2890 1096 2954 ad
1119 2890 1201 2955 Sile·

150 2997 227 3042 num
251 2978 337 3041 dieta
360 2977 520 3060 opinatur.
569 2973 629 3039 itte
653 2973 862 3060 deLycurgo
884 2973 972 3039 falso
995 2976 1202 3058 aceepitBo·

150 3063 250 3142 thius,
270 3065 315 3127 'de
338 3061 472 3127 Baccho
495 3064 578 3126 bene
601 3061 815 3126 Duentzerus.
864 3060 987 3126 Verum
1009 3066 1112 3127 verba
1133 3083 1200 3128 non

151 3151 341 3214 excusantis
365 3150 424 3214 sed
449 3149 628 3214 saevientis
650 3160 683 3214 et
704 3147 868 3213 furibundi
891 3157 967 3212 sunt
989 3149 1045 3227 ita,
1063 3162 1109 3226 ut,
1125 3171 1199 3214 cum

149 3237 266 3301 iterum
290 3237 475 3300 admonitus
498 3247 588 3300 esset
602 3235 787 3320 Lyeurgus,
808 3252 850 3298 ne
871 3233 1014 3318 iniquam
1037 3254 1110 3298 oum
1128 3237 1199 3301 Deo

149 3322 356 3406 praepotenti
379 3343 521 3406 pugnam
546 3333 710 3399 conserat,
729 3341 767 3385 se
789 3321 895 3383 vereri
917 3323 1134 3402 respondeat,
1156 3340 1199 3386 ne

147 3408 204 3473 ille
229 3410 289 3474 feri
311 3409 362 3472 sui
383 3409 505 3489 ingenii
527 3419 626 3490 atque
655 3427 767 3471 acrem
790 3407 889 3470 animi
914 3407 1119 3470 atrocitatem
1142 3429 1198 3472 ex·

148 3497 349 3579 periatur⁵).
392 3493 502 3557 Ferox
534 3493 632 3575 igitur
651 3494 741 3576 regis
774 3491 939 3574 ingenium
959 3509 1034 3562 cum
1057 3493 1198 3578 mitigari

149 3602 226 3646 sese
248 3603 311 3646 non
327 3579 482 3662 patiatur,
498 3580 627 3643 accedit
650 3599 723 3643 eum
740 3577 894 3643 militibus
906 3575 975 3642 suis
997 3578 1040 3644 ed
1060 3599 1110 3658 ea,
1129 3582 1198 3666 qui·

147 3669 210 3733 bus
232 3667 390 3733 Bacchae
413 3667 507 3748 orgia
530 3665 753 3745 celebrabant,
776 3662 863 3742 loca,
886 3665 953 3747 igni
975 3677 1008 3730 et
1029 3665 1116 3732 ferro
1139 3687 1194 3731 ex·

146 3755 327 3822 stincturus
350 3751 505 3840 quidquid
527 3751 570 3816 ad
593 3751 722 3820 Bocchi
744 3750 867 3816 cultum
889 3751 1059 3836 pertineat.

145 3913 355 3933 m

158 4026 161 4034 .
217 4001 245 4070 l)
272 3999 313 4071 ef.
335 3997 466 4056 Weicltet·
486 3997 592 4073 Trdlcp.
614 3995 687 4072 pop.
700 3997 769 4063 zm,-
795 3996 954 4052 umam
971 3993 1122 4050 (lump.
1142 3993 1207 4068 1¹5⁵
1236 4015 1242 4022 .

244 4085 360 4238 m
384 4083 633 4230 „mur
647 4082 914 4224 rerer
965 4075 1206 4238 terr

145 4207 253 4310 Bastit-
271 4255 322 4312 785
339 4211 409 4328 ἧς..
620 4183 646 4243 p
664 4187 693 4242 φ
946 4259 949 4267 =
1200 4283 1204 4292 ι
