2918 4952
566 371 842 448 „217-

182 552 312 628 nulibus
335 563 369 619 et
389 571 409 618 s
431 551 576 618 earmina
596 549 778 620 Naeviano.
821 547 1106 622 Etenim'linnium
1125 556 1230 628 mults

182 663 203 708 e
232 640 350 708 Naevii
382 638 581 706 carminibus
615 628 810 704 suffuratum
843 657 939 718 esso,
976 637 1095 706 Cicero
1132 645 1228 710 testis

182 727 304 812 sst1),
325 724 486 810 Virgilius
506 733 635 802 autem,
658 743 733 790 oum
754 723 887 790 Furium
909 723 1074 795 Antiatem
1090 733 1143 811 ²),
1165 731 1229 812 En·

182 813 291 892 nium,
311 809 415 892 alios,
444 822 512 877 tum
533 809 694 878 Naevium
713 809 760 876 ita
781 810 975 895 exscripsit,
1006 823 1042 878 ut
1064 835 1246 899 quaecum,

207 919 248 963 ua
270 898 340 964 lere
360 899 402 964 do
430 899 531 963 rebus
551 895 721 983 Trojanis,
752 895 794 960 da
814 897 981 962 erroribus
1002 900 1156 980 Aeneae,
1188 903 1230 972 de

183 920 329 1067 aldone,
356 983 398 1050 da
418 983 511 1048 urbis
532 989 567 1048 et
587 981 798 1064 Carthaginis
820 980 1031 1052 fundamento
1053 999 1231 1072 supersunt

183 1069 368 1154 fragmenta
388 1069 561 1136 Naeviana
577 1069 629 1154 ὅ),
658 1068 692 1134 in
721 1065 850 1152 Virgilii
879 1067 1047 1152 Aeneide,
1080 1077 1230 1158 quamvis

185 1156 380 1240 elegantiori
411 1153 522 1222 versui
551 1163 584 1218 et
604 1153 744 1218 orationi
766 1155 1035 1238 accommodata,
1065 1161 1231 1246 reperien-

185 1254 246 1314 tur.
291 1242 445 1308 Attamen
477 1249 614 1326 uterque
656 1259 789 1305 carmen
816 1239 1022 1310 Naevianum
1063 1245 1096 1308 in
1136 1268 1232 1318 usum

184 1348 281 1398 suum
310 1327 358 1392 its
387 1324 565 1408 convertit,
603 1336 641 1392 ut
670 1325 851 1398 sententias
878 1345 921 1390 ex
950 1347 991 1394 eo
1020 1343 1232 1406 mutuaretur.

184 1434 207 1480 r
245 1415 288 1484 ba
308 1424 459 1492 mutaret,
480 1412 578 1478 immo
594 1411 721 1482 Ennius
742 1432 928 1482 sermonem
942 1413 1147 1484 Naeuianum
1163 1429 1234 1486 tan·

185 1435 254 1566 toz
287 1519 352 1564 non
383 1498 545 1564 derideret
557 1503 603 1579 ⁴).
647 1498 795 1583 Apparet
823 1497 918 1582 inde,
948 1499 1087 1568 somnam
1109 1514 1235 1573 tantam

186 1593 365 1665 externam,
386 1585 501 1656 rudem
521 1603 717 1664 sermonem,
737 1602 776 1648 as
802 1603 878 1650 oros
899 1605 1018 1653 versus
1039 1587 1232 1660 Naevianus

186 1670 276 1740 haurd
305 1670 471 1756 placuisse
500 1670 580 1736 viris
608 1668 694 1749 illis,
730 1605 799 1736 sal
822 1673 884 1738 sub
905 1671 1042 1740 sordida
1071 1687 1165 1742 veste
1194 1698 1236 1746 eu

110 1797 117 1806 -
188 1757 347 1837 latuisse,
385 1777 472 1843 quae
508 1754 774 1841 splendidissima
809 1763 844 1822 et
880 1759 1077 1844 gravissima
1111 1773 1236 1844 essent,

188 1865 357 1928 quaeque,
392 1841 589 1928 simulatque
624 1840 691 1912 alio
728 1853 847 1907 ornatu
874 1844 1082 1926 incederent,
1111 1859 1236 1916 tantum

189 1929 319 2033 Virgilii
339 1927 519 2000 lectoribus
540 1940 708 2012 stuporem
729 1927 912 2014 injmarsnt.
955 1931 1068 2020 ltaque
1090 1933 1237 2020 ingenio·

188 2017 342 2086 sissimus
362 2027 452 2086 oerta
475 2026 509 2082 et
529 2015 746 2100 gravissimus
766 2015 914 2084 Naevius
935 2028 1018 2099 erat,
1040 2040 1238 2110 quamquam

188 2125 255 2174 uun
276 2102 428 2174 elimatus
449 2113 483 2168 et
504 2099 755 2169 calamistratus·
776 2161 787 2184 ,

274 2223 397 2290 Rasin
431 2222 596 2308 prioribus
624 2219 718 2287 libris
749 2219 935 2305 desariptas
955 2241 1022 2289 non
1042 2243 1064 2290 e
1086 2225 1236 2313 eyeliais,

98 2317 103 2324 “
190 2310 464 2394 quemadmodum
487 2307 676 2372 Sohuettius
697 2307 851 2390 opinatus
864 2317 937 2386 est,
968 2313 1100 2397 aceepit
1121 2317 1238 2381 earmi-

191 2395 288 2459 nibus
301 2399 346 2474 ι),
374 2395 433 2459 sed
455 2391 588 2460 fabulas
609 2393 651 2456 de
671 2390 788 2457 Aenea
807 2411 887 2456 vere
907 2393 1076 2466 Romanas
1098 2414 1132 2465 et
1153 2421 1240 2487 quaa

191 2480 225 2544 in
255 2479 355 2544 totius
384 2477 498 2563 populi
527 2497 585 2542 ore
615 2478 836 2542 versabuntur
867 2481 1004 2560 aerinitr
1044 2504 1240 2573 quamquam

192 2585 280 2650 quae
301 2566 344 2629 do
370 2563 498 2631 Didone
517 2561 884 2647 Aeneanrhospualtter
903 2567 1087 2652 accipiente
1109 2585 1142 2638 et
1162 2595 1241 2639 mox

192 2654 236 2716 ab
259 2671 301 2714 eo
321 2662 435 2736 spreta
456 2650 618 2728 narrarit,
652 2669 694 2714 ea
714 2669 779 2715 non
802 2651 913 2716 dubito
942 2654 1019 2738 quin
1046 2661 1240 2726 recentioris

192 2735 417 2906 ildini?
439 2736 1242 2914 utustnrnnntnnrntuu

194 2930 235 2976 ea
257 2931 300 2975 ex
322 2869 445 2982 fabulis
468 2910 510 2974 ds
530 2909 638 3000 Eryoe
660 2919 771 2976 monte
792 2908 915 2976 Sioulis
937 2912 1095 2982 desumsit
1109 2919 1154 3004 ²).

281 3025 432 3097 Ceterum
454 3029 599 3096 Naevius
628 3049 694 3094 non
724 3029 857 3096 omnino
888 3034 931 3099 ab
953 3035 1042 3100 omni
1063 3036 1243 3108 imitatione
1283 3035 1285 3040 ’

195 3113 323 3183 alienos
354 3128 421 3200 est,
453 3116 514 3182 sed
535 3117 714 3183 Homerum
744 3118 862 3197 etiam,
896 3122 1040 3188 omnium
1071 3129 1244 3209 po‘e'tarum

197 3203 293 3287 quasi
314 3213 483 3288 parentem
505 3214 538 3268 et
559 3202 756 3287 exemplum,
779 3225 1013 3290 nonnunquam
1035 3210 1244 3279 consuluisse

196 3289 342 3366 videtur,
371 3300 407 3354 ut
441 3287 613 3371 catalogus
637 3288 849 3369 auxiliorum,
880 3293 999 3376 qulbus
1026 3306 1244 3383 utarqnapo·

196 3372 294 3530 polus
303 3376 460 3526 tproluatur
471 3379 516 3459 θ),
531 3386 564 3444 et
577 3374 742 3460 naufragii
757 3375 800 3441 ad
815 3376 1011 3448 camerinas
1027 3382 1244 3486 descriptio⁹)

219 3482 302 3530 oren
367 3480 371 3496 ‘

283 3579 425 3646 Primum
447 3589 556 3644 autem
578 3587 611 3645 et
632 3577 720 3681 quod
741 3577 774 3644 in
790 3577 909 3682 liaevli
924 3579 1054 3654 laudam
1095 3587 1246 3659 lurimum

193 3666 306 3747 ualet,
335 3666 462 3745 idest,
491 3666 579 3754 quod
601 3685 726 3751 paruus
750 3685 880 3751 epicum
902 3689 1037 3740 ammon
1116 3697 1246 3744 manum

198 3809 408 3847 ..ι-...μ-

269 3933 296 3996 1)
313 3929 353 4000 of.
368 3935 427 3986 not.
448 3929 489 3986 ud
505 3927 616 4003 frapm.
632 3926 653 3984 1.
671 3931 697 3986 4.
750 3933 779 3996 2)
796 3927 836 4001 os.
856 3929 1000 3990 watonem
1014 3945 1094 4010 poet·
1110 3941 1179 4002 Lat.
1194 3939 1247 4006 rel.

184 4033 270 4090 m,
286 4019 345 4076 329·
398 4019 428 4086 3)
446 4016 485 4088 of,
501 4019 719 4090 909,31‚mc.
742 4017 783 4080 ad
807 4015 917 4093 fragne
940 4018 961 4076 l.
985 4027 1010 4080 a
1029 4028 1054 4082 4.
1071 4031 1097 4084 6.
1115 4036 1141 4088 7.
1158 4039 1185 4092 9.
1204 4045 1247 4104 10.

201 4100 243 4158 1'1.
264 4105 304 4158 13.
323 4100 356 4162 ll·
375 4108 399 4158 1.
418 4107 444 4159 2.
459 4105 490 4159 ’3.
507 4101 534 4157 d.
552 4105 577 4158 7.
596 4098 642 4159 ΙΙΙ.
663 4109 686 4159 1.
703 4103 760 4158 irre.
777 4105 882 4163 tt.12.'
910 4107 942 4179 4)
960 4105 999 4178 af.
1012 4116 1070 4166 not.
1082 4115 1124 4168 ad
1135 4116 1247 4194 frapm.

203 4190 260 4242 rne-
277 4191 303 4244 6·
354 4187 384 4254 ⁵)
409 4186 450 4259 cf·
471 4205 543 4261 nor·
558 4190 593 4245 ³⁰
606 4203 665 4259 sar·
717 4186 815 4259 blot·
829 4205 902 4264 nra·
921 4196 964 4250 29·
1014 4196 1046 4265 7)
1071 4199 1112 4268 cf·
1135 4209 1193 4259 not·
1209 4208 1250 4262 au

201 4272 311 4346 frepus.
328 4271 372 4328 ill.
393 4277 416 4330 1.
469 4275 498 4341 8)
524 4271 952 4348 cf.not.adfrapm.ll.11.
1004 4282 1034 4348 9)
1063 4282 1102 4354 ati
1125 4294 1184 4344 rot.
1209 4293 1251 4348 ad
1370 4295 1389 4308 ⁸

199 4355 311 4430 frepus.
327 4355 375 4412 lv.
393 4361 419 4416 6.
