2864 4944
651 374 910 443 ..lo-.-

257 571 345 620 enne
367 547 557 616 coxerat
577 569 609 614 u.
631 569 661 614 e.
683 551 862 616 secundum
883 549 990 635 legem
1010 549 1134 616 loiliam
1150 552 1183 636 ι)
1214 561 1302 617 totus
1421 581 1422 588 ¹

259 641 289 704 ei
321 638 520 702 tradebatur.
573 634 628 700 Ab
655 635 722 700 hoe
749 637 876 702 Naevio
905 659 983 702 num
1013 648 1111 721 poeta
1143 637 1302 721 originem

260 725 377 801 decu,
411 723 585 803 ambiguus
618 721 676 794 diu
713 720 826 802 haesi,
861 725 1043 807 usquedum
1071 733 1104 788 et
1131 721 1302 789 Ciceronis

259 807 356 874 loeus
378 808 524 892 supru2)
554 805 706 872 laudatus
727 818 762 872 et
790 828 874 894 quae
900 809 989 894 apud
1010 809 1185 874 Eusebium
1199 814 1231 889 ⁸)
1259 809 1301 874 le

260 905 397 982 guntur,
419 891 479 959 Cu.
511 891 670 958 Naevium
691 903 822 976 poetam
845 915 917 959 eum
942 895 974 958 in
997 891 1161 960 Aventino
1191 895 1303 960 sedem

261 1001 355 1046 suam
377 978 545 1054 habuisse,
567 989 633 1043 tum
655 979 782 1043 Rornae
804 989 914 1044 uatum
935 999 1010 1044 esse
1031 1001 1053 1044 a
1074 991 1211 1064 parente
1231 979 1302 1045 Ro·

259 1087 372 1144 urano,
400 1063 571 1149 probabile
599 1063 677 1128 milri
707 1064 855 1128 reddidit.
899 1064 1016 1130 Cicero
1039 1067 1124 1129 enim
1146 1063 1303 1141 Laelium,

259 1150 376 1215 *Crassi
414 1171 569 1230 socrum,
606 1149 748 1232 ingenuo
785 1169 936 1238 sermone
967 1149 1121 1215 Romano
1159 1149 1303 1214 locutam

260 1257 336 1302 esse
366 1236 462 1314 dicit,
491 1257 564 1300 cunr
594 1235 725 1312 mulier,
757 1233 929 1302 multorum
960 1257 1144 1302 sermonum
1173 1239 1303 1320 expers

259 1323 482 1406 incorruptam
512 1320 735 1408 antiquitatem
761 1319 890 1386 facilius
920 1321 1184 1398 conservaverit,
1215 1321 1302 1386 inde·

262 1428 326 1494 que
349 1404 531 1483 concludit,
557 1415 735 1490 erponem
762 1406 894 1471 Laeliae
916 1418 949 1472 et
971 1410 1112 1492 majores
1142 1407 1192 1472 sic
1213 1405 1304 1471 locu·

260 1503 314 1558 tos
343 1492 456 1558 fuisse.
508 1491 686 1576 comparat
717 1503 825 1556 autern
859 1503 1028 1556 matronae
1063 1493 1303 1576 pronunciatio·

261 1600 334 1645 nem
355 1588 390 1641 et
410 1598 593 1642 sermonem
623 1599 696 1643 oum
716 1597 871 1641 sermone
892 1577 1002 1642 Plauti
1025 1589 1057 1642 et
1078 1577 1203 1646 Naevii.
1247 1577 1304 1642 At·

261 1663 315 1749 qui
345 1663 450 1726 Plauti
481 1672 609 1747 patrem
634 1671 667 1726 et
689 1663 849 1748 majorem
878 1673 990 1744 utpote
1019 1661 1169 1727 homines
1198 1661 1305 1728 Sarsi-

258 1759 373 1827 rietes,
396 1747 571 1825 Umbrico‚
593 1767 660 1812 non
681 1747 831 1812 Romano
854 1767 1005 1812 sermone
1026 1767 1106 1812 usos
1128 1769 1204 1813 esse
1227 1769 1303 1812 con·
1399 1753 1402 1762 ¹

258 1845 341 1910 stat,
365 1835 450 1899 unde
471 1833 635 1916 sequitur,
659 1853 733 1898 cunr
755 1831 872 1897 Plauto
895 1831 983 1897 haud
1004 1833 1088 1898 bene
1111 1833 1310 1900 Ciceronem·

259 1939 473 2002 comparasse
491 1915 651 1995 Laelium,
673 1917 735 1981 nisi
763 1916 898 1984 Plautus
928 1930 1051 1984 mature
1081 1919 1223 1984 Romam
1250 1941 1303 1986 ve·

259 2006 306 2070 nit
335 2015 367 2067 et
388 2023 570 2068 sermonem
601 2001 782 2066 Romanum
813 2003 988 2086 ingenuum
1018 2005 1050 2068 in
1080 2005 1153 2087 ipsu
1182 2007 1304 2070 urben

259 2093 380 2155 teucris
413 2089 576 2172 unguibus
609 2088 744 2154 edoctus
777 2101 837 2154 est.
893 2089 983 2153 ltane
1015 2089 1174 2155 Naevium
1208 2091 1303 2154 etiam

259 2176 465 2265 peregrinum
487 2185 543 2240 aut
565 2173 713 2240 Latinum
736 2173 875 2238 Romam
899 2186 1024 2239 mature
1051 2179 1212 2260 migrasse
1235 2197 1303 2238 cre-

262 2263 325 2337 dis,
347 2273 382 2323 nt
402 2281 444 2326 ne
466 2271 561 2341 pater
583 2260 711 2390 puidam
735 2261 806 2348 ejus
826 2270 858 2324 et
880 2261 1023 2346 majores
1044 2283 1195 2326 sermone
1217 2262 1308 2328 urbis

259 2347 393 2434 proprio
429 2346 480 2410 usi
509 2345 595 2410 sint.
645 2344 798 2409 Proiecto
828 2345 955 2410 Romae
985 2359 1096 2412 natum
1125 2369 1201 2412 esse
1228 2367 1305 2430 poe·

259 2445 327 2498 tam
349 2451 370 2495 a
392 2429 543 2496 Romano
572 2441 665 2514 patre
687 2441 834 2514 apparet.
879 2431 945 2496 Sed
968 2433 1010 2496 ad
1034 2454 1168 2498 causam
1196 2452 1304 2496 rever-

259 2529 312 2584 tor
342 2517 591 2602 exponendam,
623 2537 681 2582 cur
709 2538 730 2582 a
759 2515 886 2582 Naevio
915 2515 993 2596 illo,
1023 2539 1043 2583 a
1074 2540 1138 2603 quo
1170 2539 1306 2586 nemora

258 2603 384 2668 Naevia
406 2623 524 2668 nomeu
554 2611 772 2686 acceperunt,
802 2602 973 2670 oriundum
1002 2623 1077 2668 esse
1101 2615 1231 2687 poetam
1253 2627 1304 2667 ar-

260 2689 379 2766 bitror,
403 2707 486 2774 quae
508 2708 609 2752 causa
632 2690 694 2752 atsi
715 2689 748 2754 in
773 2689 981 2774 conjectura,
1009 2699 1152 2752 attamen
1174 2689 1206 2751 iu
1231 2710 1304 2771 pro-

260 2773 326 2840 bali
349 2775 557 2860 conjectura,
587 2773 695 2856 posite
724 2793 799 2838 esse
828 2773 905 2837 milti
928 2775 1063 2840 videtur.
1110 2773 1198 2838 Loco
1220 2777 1306 2842 enirn

260 2858 394 2926 laudato
424 2859 581 2934 Ennium,
610 2879 631 2922 a
659 2857 785 2926 Catone
816 2859 1000 2932 Quaestore
1031 2857 1169 2926 Romam
1199 2870 1304 2928 trans-

260 2943 419 3025 letnm⁴),
441 2944 473 3006 in
497 2954 606 3006 monte
628 2942 790 3006 Aventino
821 2943 1017 3012 domicilium
1046 2943 1203 3010 habuisse
1232 2967 1306 3010 nar·

260 3041 312 3100 rat
335 3028 495 3098 Eusebius
508 3031 549 3106 ⁵).
594 3027 770 3100 Quaerenti
786 3029 817 3111 6)
847 3039 975 3108 eutem,
1006 3050 1091 3114 quoe
1120 3050 1222 3098 eausa
1244 3031 1306 3098 Ca»

259 3124 388 3192 ionem,
418 3122 453 3177 ut
482 3111 536 3196 qui
565 3113 605 3178 ab
634 3112 785 3176 omnibus
817 3113 955 3178 Graecis
984 3111 1087 3180 literis
1115 3116 1307 3188 abhorreret

261 3210 295 3264 et
324 3208 481 3284 proveeta
511 3197 639 3262 demum
668 3207 777 3261 aetate
807 3198 935 3262 Graece
961 3197 1049 3284 ioqui
1075 3203 1306 3283 deducturi),

262 3284 485 3361 corrnnoverit,
507 3293 543 3348 ct
565 3282 716 3360 Ennium,
739 3293 805 3348 tum
828 3285 899 3346 sinc
922 3285 1019 3351 dubio
1044 3287 1206 3352 Graecum
1229 3309 1306 3370 poe·

261 3382 340 3448 tam,
364 3369 501 3434 Romam
525 3367 670 3443 duceret,
694 3369 741 3432 ita
766 3371 1029 3453 respondendum
1054 3373 1132 3439 mihi
1161 3372 1306 3442 videtur:

262 3455 363 3520 Falso
378 3453 542 3522 Funceius
554 3456 585 3538 ⁸)
609 3465 642 3518 et
656 3451 828 3520 Harlesius
842 3457 873 3539 ⁹)
892 3456 1062 3536 Catonem,
1079 3459 1164 3542 quod
1188 3470 1307 3541 poetae

261 3540 425 3624 ingenium
447 3559 512 3610 non
530 3540 766 3636 perspexisset,
782 3540 922 3617 Romam
938 3565 1011 3610 oum
1033 3543 1239 3616 transtulisse
1261 3543 1306 3616 ie·

262 3713 470 3732 ——qm—q-—ua

329 3815 357 3886 1)
376 3815 428 3870 Into
456 3814 567 3882 lli-'313
595 3816 715 3891 Dionys.
735 3819 768 3877 X.
786 3821 817 3879 31
837 3827 866 3876 et
883 3822 931 3883 374
958 3821 1080 3886 Diodor.
1101 3823 1160 3883 Xll.
1180 3826 1212 3888 4,·
1241 3823 1307 3878 Nie-

258 3897 332 3954 dndr
351 3897 387 3955 R.
410 3897 443 3952 G.
462 3898 494 3954 ll.
512 3919 581 3974 pup-
600 3901 667 3967 3³93
696 3903 841 3977 Gcettltnp
861 3904 960 3963 Geren.
978 3907 1006 3961 d.
1028 3909 1110 3962 Ir'd'm.
1131 3905 1306 3979 Staatsoers.

256 4001 326 4057 pop,
338 3983 404 4048 373)
423 3982 521 4040 Moser
532 3985 573 4048 ad
584 3986 673 4048 Cicer.
686 3987 722 4042 de
735 3989 854 4062 Hopndl.
870 3989 902 4045 ll.
917 3991 959 4046 33.
972 4009 1043 4066 pap.
1058 3993 1116 4050 596.
1152 3994 1183 4064 ⁸2)
1198 4011 1267 4066 pap.
1281 3995 1306 4048 a.

258 4069 289 4138 3)
302 4067 432 4128 Chrontc.
452 4071 493 4124 ad
509 4070 624 4145 Olympo.
641 4073 777 4132 CXXXV,
819 4075 849 4141 4)
868 4073 952 4134 Gora.
963 4073 1035 4150 Nep.
1050 4077 1112 4134 Cat.
1126 4077 1154 4138 lt
1175 4077 1308 4134 Pseudo·

259 4152 394 4213 Aureliis
419 4153 455 4207 de
479 4157 532 4212 ctr.
556 4155 662 4211 illustr.
680 4157 723 4212 47.
773 4157 804 4227 d)
823 4156 863 4232 pf.
890 4157 981 4214 Varro
997 4161 1016 4221 Ι,
1034 4162 1054 4217 4.
1104 4163 1133 4230 d)
1151 4163 1241 4236 Repe!
1254 4166 1273 4218 t.
1289 4167 1308 4218 1.

9 4207 12 4268 i
131 4307 134 4311 Ι
253 4255 326 4311 pap.
343 4239 377 4300 ⁴2
391 4245 448 4294 not.
462 4237 504 4292 td.
549 4238 578 4304 7)
595 4238 688 4310 Repe!
700 4241 719 4294 l.
737 4237 757 4296 i·
775 4241 853 4298 adde
871 4241 1023 4302 Plutarch.
1042 4247 1105 4307 Cat.
1121 4248 1192 4320 mul·
1207 4249 1232 4304 2·
1276 4251 1307 4320 8)

259 4321 278 4386 l.
298 4323 317 4386 1,
331 4340 403 4402 pap.
423 4324 465 4388 77,
518 4322 549 4396 ,9)
566 4323 720 4384 introduct.
741 4343 812 4402 pap.
833 4328 890 4386 187.
