2890 4948
544 389 822 462 *101-

152 567 259 636 inisse
279 577 415 634 narrant
435 570 477 650 ¹).
522 568 635 644 Quint
665 587 741 634 cum
765 567 936 654 praeclara
957 567 1015 635 ilia
1034 569 1115 638 Attii
1137 563 1201 637 tra·

64 654 70 664 “
154 657 275 740 goedia
297 656 380 720 Livii
403 654 547 720 fabulam
569 656 626 718 vix
647 656 791 738 dignam,
819 676 905 740 quae
925 657 1041 721 iterum
1063 656 1201 740 legatur,

151 744 313 806 edendam
337 763 473 807 curasse
495 742 686 827 Pompejum
709 761 847 820 cenem,
870 743 924 831 qui
948 763 1033 827 quae
1054 743 1144 821 iecit,
1167 746 1200 808 in

151 827 261 914 piebis
300 829 438 910 gratiam
472 838 503 892 et
535 827 719 910 captandae
754 847 856 892 aurae
893 828 1062 911 popularis
1099 850 1203 895 causa

151 913 247 997 egit?
284 915 351 979 Sed
374 915 503 996 accedit
523 913 612 978 aliud
635 914 732 978 etiam
754 927 992 996 argumentum,
1013 915 1111 1000 itique
1127 935 1201 997 gra·

153 1001 335 1065 vissimum.
378 1000 485 1064 Varro
501 1000 535 1084 2)
565 1001 649 1063 enim
670 1008 707 1063 ut
728 1003 763 1064 iu
784 1003 913 1078 solttta,
946 1002 1010 1078 ait,
1041 1004 1201 1081 oratione,

150 1089 202 1151 sic
222 1089 257 1149 iu
280 1089 442 1170 poematis
463 1085 562 1150 cerba
582 1105 648 1149 uon
671 1088 788 1160 omniu,
812 1107 896 1171 quae
916 1086 1057 1168 labeant
1078 1089 1202 1170 iruna,

149 1183 292 1258 possunt
322 1175 399 1238 dici.
446 1173 562 1256 Neque
590 1175 691 1236 mttlta
724 1172 766 1236 ab
796 1193 834 1235 eo
863 1178 1085 1253 er·uenttu·³),
1110 1195 1202 1260 quem

151 1279 220 1324 nou
243 1268 338 1324 munt
360 1261 396 1323 in
426 1258 653 1322 lucubratione
682 1261 800 1322 literae
825 1267 1042 1342 prosecutae,
1070 1263 1202 1324 multum

151 1347 229 1410 licet
252 1349 380 1430 legeret.
428 1347 526 1418 adelti,
548 1344 685 1408 hominis
706 1349 741 1408 iu
760 1345 871 1427 ptimo
891 1347 927 1410 iu
950 1345 1054 1409 llleris
1071 1346 1202 1411 Latinis

150 1433 344 1508 exercitali,
366 1433 667 1513 interpretationem
689 1433 865 1495 carminum
889 1429 1057 1494 Saliorum
1080 1432 1201 1497 uidebis

150 1527 184 1584 et
205 1520 285 1582 erili
309 1521 406 1584 litera
427 1518 631 1600 erpcdltum,
666 1526 697 1581 et
719 1521 904 1602 praeterita
927 1517 1069 1596 obscura
1091 1523 1201 1583 mttltu.

124 1629 127 1632 ·
155 1605 229 1671 Nec
250 1607 383 1682 mirum,
414 1623 508 1692 quom
537 1623 604 1666 nou
634 1605 729 1668 niodo
754 1603 961 1687 Epimenides
989 1611 1075 1688 posi.
1096 1625 1203 1670 annos

153 1693 194 1757 L.
218 1699 430 1774 experrectus
458 1713 481 1762 a
510 1691 617 1761 miultis
649 1711 716 1754 non
744 1699 985 1775 cognoscatur,
1018 1691 1076 1754 sed
1106 1694 1203 1756 etiam

158 1776 283 1842 Teucer
307 1778 395 1842 Liuii
409 1786 488 1861 post
507 1796 614 1842 antuus
639 1777 717 1842 XV.
730 1783 763 1858 ⁴)
786 1777 828 1840 ab
849 1779 936 1854 suis,
960 1778 1088 1864 quirit,
1111 1781 1201 1872 ipun-

151 1873 255 1928 retur.
299 1864 379 1929 Post
401 1884 507 1928 aniius
541 1865 639 1945 igitur
660 1864 735 1928 XV.
760 1884 802 1928 ne
831 1883 852 1927 a
875 1864 945 1927 suis
968 1863 1096 1948 quidem
1118 1863 1203 1928 satis

154 1949 339 2014 intellectus
361 1961 412 2014 est
427 1951 553 2026 livius,
570 1960 645 2032 post
663 1951 727 2014 duo
744 1961 852 2014 autem
870 1949 940 2012 fere
956 1948 1091 2013 saecula
1107 1968 1202 2033 prae·

86 2029 93 2040 ’
154 2035 301 2118 terlapsa
321 2037 363 2100 ab
386 2037 540 2100 universo
563 2035 685 2117 populo
704 2037 849 2100 Romano
869 2034 1078 2100 intellectus?
1107 2036 1203 2100 Post·

152 2143 268 2206 quam,
300 2132 334 2185 ut
364 2143 438 2186 cum
462 2122 578 2186 Porcio
592 2120 726 2186 *Licinio
742 2124 776 2206 ⁵)
804 2118 937 2206 loquar,
969 2119 1056 2186 bello
1079 2121 1203 2186 Punico

88 2213 91 2222 ⁴
151 2207 299 2272 secundo
321 2208 420 2272 Musa
442 2209 577 2289 pinnato
599 2209 703 2290 gradu
725 2209 757 2272 in
774 2207 956 2274 Romanam
980 2218 1110 2290 gentem
1134 2205 1201 2272 bei·
1268 2225 1273 2236 ·

153 2291 290 2358 licosanr
315 2313 352 2356 se
374 2293 498 2370 intulit,
529 2313 606 2356 mox
628 2293 800 2358 obliterata
830 2295 1055 2357 videturesse
1086 2303 1118 2356 et
1141 2293 1202 2357 Sa·

139 2377 271 2446 iliorum
293 2376 350 2440 iila
373 2390 426 2454 et,
448 2397 532 2460 quae
554 2397 618 2442 non
639 2378 772 2442 multum
795 2379 836 2440 iis
857 2377 990 2460 politior
1012 2389 1099 2458 erat,
1118 2377 1204 2442 Livii

154 2462 333 2526 Andronici
355 2463 462 2530 Musa.
504 2461 665 2524 Naevium
694 2476 803 2526 autem
825 2463 926 2526 multo
949 2461 1001 2526 his
1023 2463 1202 2544 elegantio-

154 2567 223 2610 rem
245 2546 347 2610 suisse
368 2546 454 2610 inira
476 2545 788 2624 demonstrabimus3
810 2545 875 2610 hoc
896 2559 1005 2613 autem
1026 2547 1102 2614 loco
1122 2551 1202 2614 satis

46 2633 48 2638 ’
155 2643 208 2698 est
236 2633 279 2696 ud
311 2631 480 2698 Ciceronis
496 2636 529 2715 6)
558 2632 599 2696 de
628 2653 668 2698 eo
697 2632 854 2721 judicium
885 2632 1065 2716 relegasse.
1110 2634 1203 2706 Quae

156 2741 231 2786 cum
254 2721 300 2783 ita
321 2721 403 2799 sint,
436 2719 552 2786 Naevii
576 2729 645 2796 est,
677 2721 848 2796 nonLivii
871 2719 982 2802 Equus
1011 2720 1067 2788 ille
1088 2720 1202 2804 Troja-

154 2825 227 2868 nus.
271 2805 338 2870 Sed
360 2805 426 2870 alia
456 2817 508 2870 est
529 2805 643 2868 Stievii
658 2806 691 2888 ⁷)
726 2807 767 2872 de
796 2806 859 2870 huc
888 2804 1001 2870 fabula
1030 2806 1203 2874 sententia.

154 2889 271 2954 Virum
292 2893 377 2959 enim
400 2891 540 2976 aliquem
563 2889 715 2956 Ciceroni
735 2889 906 2976 aequalem
929 2891 1001 2956 sive
1022 2891 1108 2956 Livii
1130 2891 1203 2956 sive

147 2977 270 3042 Naevii
304 2979 426 3062 Equum
449 2979 626 3062 'l‘roJanum
658 2977 705 3042 ita
735 2991 880 3042 mutasse
914 2987 1025 3060 putat,
1055 2988 1091 3042 ut
1120 2998 1203 3043 suae

153 3065 255 3129 aetati
276 3065 555 3129 accommodatior
578 3075 676 3128 esset.
720 3065 785 3129 Ter
813 3065 898 3128 enim
929 3063 1030 3130 millia
1058 3075 1202 3130 cratera·

154 3171 246 3228 rum,
276 3171 358 3234 quas
391 3152 422 3214 in
453 3151 580 3214 edenda
613 3149 678 3216 hac
702 3149 816 3216 fabule
837 3171 931 3215 suum
954 3151 1097 3216 movisse
1121 3151 1201 3216 indi-

155 3237 343 3318 gnationem
374 3236 490 3304 Cicero
508 3241 540 3318 8)
577 3235 764 3320 profitetur,
801 3257 875 3302 cum
905 3235 1023 3302 Naevii
1056 3249 1088 3300 et
1116 3236 1202 3304 Livii

154 3320 364 3405 simplicitate
387 3323 474 3386 haud
503 3343 684 3404 congruere
713 3322 800 3386 dicit.
843 3322 888 3388 At
916 3319 1000 3386 haec
1030 3343 1085 3386 res
1111 3321 1202 3386 nihili

155 3420 217 3479 est,
242 3408 512 3492 quemadmodum
542 3406 741 3489 negotiosa)
765 3407 1074 3488 etWelokerus10)
1101 3410 1201 3491 aptis·
1295 3431 1299 3440 ·

154 3495 237 3562 sime
258 3494 466 3562 adnotarunt
510 3492 602 3566 Quae
623 3513 703 3560 uero
727 3514 830 3564 causa
851 3495 913 3574 sit,
942 3505 1054 3596 curet
1075 3493 1202 3562 Livium

155 3677 364 3698 ι-γ-Ἀ-ἸΙ-

224 3791 252 3857 1)
278 3790 317 3862 cs.
343 3789 523 3844 Drumann'e
556 3787 723 3844 Gerellclite
754 3791 848 3844 Romu
870 3789 918 3844 lv.
941 3807 1016 3863 pap·
1043 3787 1096 3843 523
1123 3805 1201 3859 sqq.;

156 3873 299 3930 Fischer'e
314 3872 468 3928 Riimisclic
486 3868 647 3944 Zeitlnfein
661 3893 732 3948 paq.
749 3875 807 3928 248·
860 3875 891 3948 2)
909 3875 944 3930 de
961 3876 1030 3948 ling.
1049 3873 1115 3928 Lat.
1129 3890 1202 3947 pap.

152 3961 205 4016 283
223 3961 268 4015 cd.
288 3959 394 4034 δραι).
447 3958 477 4024 3)
498 3959 602 4015 addidi
619 3953 673 4017 ltoc
696 3961 864 4017 uocabulum
881 3979 897 4014 e
922 3959 1088 4030 conjectura
1110 3959 1202 4015 Mael-

153 4045 218 4108 leri.
271 4046 303 4115 4)
321 4049 365 4106 ltu
383 4043 541 4102 Muellerus
559 4064 624 4108 mim
648 4047 730 4106 codd.
756 4043 838 4100 mnu.
858 4041 952 4104 Hono.
978 4044 1070 4100 Paris
1086 4063 1106 4104 e
1124 4051 1152 4097 et
1169 4043 1202 4107 ὥς

154 4131 213 4186 ΧΙΙ.
233 4129 405 4205 Speuqclt'us
422 4150 487 4186 cunt
502 4131 581 4193 Flor.
634 4132 662 4199 5)
681 4131 760 4204 apud
782 4129 853 4191 Geli.
874 4131 958 4184 xvii.
975 4129 1017 4188 21.
1070 4129 1100 4197 6)
1119 4127 1203 4181 Brut.

152 4214 225 4270 xlx.
245 4215 287 4270 76.
334 4215 368 4286 i)
389 4216 425 4272 ale
441 4219 486 4272 ret
501 4221 602 4278 scutic-
626 4217 707 4289 apud
734 4215 818 4276 Boni.
843 4219 914 4288 arip.
929 4234 1002 4290 pap.
1021 4213 1064 4268 86.
1115 4212 1146 4278 8)
1164 4211 1205 4265 ad

151 4299 265 4356 Diuers.
282 4299 342 4354 vn.
362 4301 385 4355 Ι.
436 4301 469 4374 9)
488 4302 574 4358 dere
591 4305 693 4376 traplc.
711 4301 882 4374 Bompae.
898 4299 941 4354 38.
996 4299 1045 4371 10)
1063 4299 1084 4356 ἱ.
1099 4297 1119 4354 1·
1133 4314 1203 4374 pao·
1301 4335 1306 4344 =

150 4387 202 4444 527
221 4392 280 4441 not.
