2918 4952
546 391 933 474 -165-‚

160 597 241 648 usos
262 598 330 643 non
350 595 426 644 esse
449 578 585 656 credas,
615 577 676 643 sed
697 579 763 662 ita,
793 589 829 644 ut
846 566 1060 645 ‘Graecarum
1080 577 1207 646 labala·

162 687 235 734 rum
256 675 388 731 actores
409 684 431 728 a
446 663 623 747 juvenibus
645 663 816 745 Romanis,
839 665 893 750 qui
915 661 1012 730 ludos
1032 665 1207 732 Fescenni-

159 773 222 829 nos
245 761 278 816 et
297 759 415 835 postea
438 748 611 814 Atellanas
633 753 802 834 personati
826 771 926 836 egere
949 750 1112 831 solebant,
1135 763 1205 816 tan·

160 857 259 924 quam
288 835 471 920 peregrini,
500 837 674 922 quominus
701 837 854 922 personis
882 847 1067 918 uterentur,
1098 836 1206 922 prohi-

157 922 217 988 biti
249 922 332 1000 sint,
363 931 479 1005 postea
509 941 588 986 vero
616 924 767 1006 tragoedi
796 924 894 988 etiam
923 933 956 988 et
976 924 1125 990 comoedi
1146 943 1208 1009 per

158 1010 299 1073 abusum
326 1024 490 1091 personas
519 1005 699 1072 induerent.
742 1009 791 1080 Ita
811 1019 903 1092 recte
923 1007 1016 1074 Festi
1035 1010 1139 1074 verba
1154 1011 1206 1080 in·

159 1103 356 1177 terpretatus
386 1101 438 1156 est
466 1091 620 1156 Munkius
632 1096 686 1176 ¹),
717 1103 795 1178 post
827 1096 928 1179 eujus.
952 1094 1081 1159 doctam
1108 1091 1208 1180 hujus

159 1179 208 1244 rei
229 1178 526 1263 interpretationem
547 1199 644 1243 nemo
661 1177 744 1266 jam,
765 1190 855 1264 puto,
876 1177 1069 1244 Muellerum
1090 1199 1207 1264 seque·

157 1275 222 1344 tur,
243 1276 320 1350 post
341 1264 444 1330 verba
464 1265 580 1334 multae
602 1283 707 1332 annos
736 1265 834 1338 haee,
850 1264 1057 1337 intercidisse
1088 1277 1205 1351 putan-

158 1361 243 1420 tem:
265 1359 344 1418 actu
357 1353 406 1444 *sit
427 1369 533 1436 quant.

247 1486 462 1552 Personatant
492 1505 573 1552 vero
609 1481 742 1550 fabulae
775 1485 1024 1572 inscriptionem
1055 1485 1099 1550 ab
1131 1484 1206 1568 ipso

113 1624 116 1630 .
159 1584 261 1659 poeta
289 1593 356 1640 non
385 1572 569 1657 profectam
598 1590 674 1646 esse
701 1592 762 1655 pro
788 1583 879 1638 terea
904 1583 996 1656 puto,
1017 1570 1105 1656 quod
1127 1591 1208 1654 poe-

159 1672 211 1726 tes
232 1659 455 1725 Romanorum
476 1659 628 1723 scenicos
649 1657 696 1722 ita
724 1594 855 1724 salulate
886 1679 967 1724 suas
994 1657 1208 1742 inscripsisse

160 1755 311 1825 constat,
341 1755 377 1810 ut
404 1754 462 1810 aut
490 1763 609 1810 nomen
638 1763 660 1810 a
687 1741 821 1812 fabulae
848 1755 1041 1830 argumento
1071 1742 1209 1828 petitum

160 1833 223 1913 sit,
252 1842 309 1900 aut
330 1829 421 1924 ejas?
452 1831 506 1916 qui
527 1831 651 1916 primes
673 1833 792 1914 agebat
812 1843 942 1919 partes,
963 1849 1128 1916 personae
1149 1849 1208 1894 no-

159 1939 235 1987 men
255 1917 389 1985 fabulae
410 1917 659 2002 praeponerent
702 1916 797 1991 Quae
819 1938 894 1984 cum
913 1919 961 1982 ita
982 1917 1065 1999 sint,
1086 1925 1122 1980 ut
1142 1914 1208 1981 Lu·

162 2005 239 2072 dum
261 2014 294 2069 et
315 2004 455 2071 Satiram
477 2006 569 2086 (nam
589 2003 732 2087 priscam
754 2002 844 2076 illam
867 2004 1040 2067 satirarum
1063 2001 1210 2087 speciem

159 2091 316 2158 abolitam
345 2088 437 2156 illam
466 2101 498 2154 et
521 2091 687 2172 jacentem
699 2095 730 2168 ²)
759 2087 1106 2154 imitatum-Naevium
1133 2105 1210 2152 esse

161 2179 234 2264 quis
264 2179 413 2261 putati),
444 2176 490 2240 ita
511 2176 727 2242 Personatam
759 2174 890 2241 fabulas
919 2174 1049 2260 quidem
1069 2173 1210 2239 Naevia-

161 2285 224 2332 uas
248 2264 343 2342 tlieo,
365 2282 430 2326 non
453 2272 562 2326 tamen
583 2263 626 2325 ab
647 2261 722 2344 ipso
743 2271 844 2344 poeta
863 2263 910 2326 ita
930 2259 1127 2345 inscriptas,
1148 2257 1210 2324 setl

161 2371 184 2414 a
213 2346 337 2499 pppulo
370 2357 506 2496 propter
536 2344 777 2412 similitudinem
809 2347 975 2435 quandem
1005 2357 1064 2413 aut
1095 2365 1210 2414 nasum

159 2433 207 2500 lla
259 2433 302 2498 lcl
330 2451 369 2500 80
382 2432 457 2500 ¹’last

475 2593 479 2601 ’
565 2600 802 2686 Pln'lemporua.

245 2722 439 2808 Fulgentius
458 2725 521 2810 ⁸)t
558 2725 755 2808 sculponeae
791 2722 858 2786 diet
892 2723 1069 2787 uoluerunt
1105 2726 1209 2784 cestus

159 2810 293 2964 pumina>
309 2813 453 2962 ‘palpatae
468 2815 501 2897 ⁴)
552 2810 647 2881 Unde
675 2818 708 2878 et
732 2810 880 2878 Naeuius
914 2807 1123 2926 Philempouo
1155 2823 1209 2870 eo·

237 3043 241 3052 r
264 3017 444 3092 sculponeae
467 3015 623 3078 intuenda
644 3014 718 3072 lania
739 3017 813 3074 sunt
833 3011 936 3070 lutera
954 3009 1063 3086 probe.

159 3121 355 3204 sculponeae
383 3119 507 3186 collatt.
537 3120 698 3205 Bongars.
727 3119 764 3188 11,
794 3127 828 3183 et
848 3116 991 3184 Vulcan.
1023 3115 1120 3181 codd.
1144 3113 1210 3178 Gu-

159 3207 248 3272 dian.
271 3207 309 3270 ll.
340 3206 441 3272 Basil.
470 3207 624 3281 Leidens.
654 3205 844 3284 Munckeri3
877 3204 1108 3284 isclulponeas
1125 3201 1209 3266 cotl.

131 3291 313 3364 'Iteitlons
349 3292 521 3370 Stavereni
528 3313 538 3373 3
575 3295 783 3376 iseolponeas
819 3290 929 3356 collat.
961 3289 1124 3374 Bongars
1159 3287 1210 3368 I.;

160 3381 356 3466 sculponeae
375 3379 451 3444 edit.
474 3381 597 3463 princ.;
619 3381 815 3463 sculponeae
832 3377 906 3443 cod.
923 3375 1063 3444 Gudian.
1078 3373 1102 3442 1.
1119 3373 1210 3458 editt.

230 3629 258 3696 1)
276 3627 313 3683 da
328 3625 390 3699 sab.
408 3624 493 3680 Atell.
510 3631 641 3700 pamm.
693 3629 722 3695 2)
742 3625 782 3696 cf.
807 3623 900 3680 Mane
922 3625 941 3682 Ι.
960 3624 979 3677 l.
996 3638 1066 3694 pay.
1093 3625 1126 3676 16
1152 3638 1210 3690 sqq.

159 3714 191 3782 8)
210 3731 232 3766 s.
250 3731 277 3766 u.
295 3713 467 3784 consponeae
479 3727 550 3783 pap.
570 3717 622 3769 562
639 3711 683 3766 M.
699 3717 752 3770 392
773 3709 805 3764 G.
865 3712 894 3778 4)
910 3709 992 3781 falsa
1009 3709 1082 3762 ltuec
1099 3714 1128 3762 et
1142 3725 1211 3778 pro·

158 3805 225 3874 pter
243 3797 360 3853 additos
376 3815 472 3853 versus
490 3797 671 3852 Naeuianum
689 3804 718 3852 et
735 3796 908 3851 Plautinum
924 3797 1097 3866 compilata.
1130 3791 1212 3846 Saul-

157 3901 270 3957 poneae
287 3885 583 3951 enlmaalceamenta
610 3887 720 3938 rustica
737 3888 853 3946 meam
877 3881 955 3950 lipno
973 3887 1132 3934 aucanatat
1160 3879 1212 3933 Ca-

160 3980 190 4026 to
207 3972 244 4025 de
260 3989 293 4024 re
309 3978 380 4025 rutel.
397 3977 447 4035 59;
466 3978 495 4026 et
512 3978 642 4038 constat,
667 3988 733 4024 mant
747 3982 905 4042 puerorum
930 3971 1013 4020 nates
1038 3967 1214 4022 calceamen-

160 4063 257 4116 torum
280 4057 365 4112 solels
387 4059 524 4130 pulsatas
548 4073 623 4123 etse,
648 4060 709 4109 lum
734 4057 864 4112 utrorum
890 4054 979 4110 etiam
1005 4053 1105 4127 capita
1124 4057 1152 4102 et
1173 4049 1215 4102 la-

160 4152 226 4212 tera
251 4147 287 4198 ils
315 4145 516 4216 commillpata
534 4143 610 4206 eate3
630 4139 721 4210 quid?
748 4138 824 4210 quod
840 4137 926 4192 saleis
952 4140 1011 4190 suis
1028 4136 1151 4187 maritos
1164 4149 1216 4204 pe-

162 4237 224 4290 tere
254 4223 383 4286 solebant
415 4225 537 4294 naeres,
571 4231 603 4282 ut
630 4221 784 4278 Herculem
813 4221 964 4296 Onnahale.
1011 4219 1055 4287 Cf.
1080 4215 1218 4270 llclnrlelt

163 4313 204 4368 aet
221 4311 348 4366 Itanenal.
369 4311 461 4366 Satin.
480 4311 526 4366 Vl.
545 4317 616 4377 6103
640 4307 729 4364 Plana
747 4309 786 4362 ad
804 4305 887 4362 Pers.
905 4305 999 4362 Sallu.
1018 4305 1052 4360 V.
1070 4308 1136 4368 tom
1160 4301 1219 4360 We·

164 4395 282 4454 sternat)
300 4397 341 4451 nd
364 4395 475 4452 Terent.
494 4397 624 4453 Eunuch.
645 4395 678 4451 V.
698 4401 722 4453 8.
741 4400 767 4452 4.
