2890 4948
477 323 816 465 ‘2-107?

137 582 223 646 quae
241 561 370 638 Dianae
391 564 493 630 verba
514 581 592 631 ense
613 569 717 644 putat,
738 559 927 626 nauclerum
948 561 1124 645 qnondam,
1145 573 1181 626 ut

135 648 342 731 Iphigeniam
372 646 605 721 immolantium
636 645 787 718 manibus
815 667 934 716 recena
963 659 1110 731 ereptam
1138 649 1182 712 ad

137 736 280 800 'launico
309 733 405 798 litora
428 733 589 816 perferat,
618 732 760 811 orantis;
791 734 911 818 quippe
940 730 1074 808 licuisse
1095 734 1181 798 Nae·

137 823 206 900 vio,
235 832 270 885 ut
291 842 359 884 rem
381 819 566 896 humanitus
588 817 780 901 fingerem),
823 817 994 894 Facillima
1014 819 1092 884 mihi
1114 821 1181 906 qui-

136 909 211 973 dem
234 927 308 971 mea
327 907 457 979 videtur
479 906 669 992 conjectura
691 916 724 977 et
745 924 765 968 a
786 901 952 978 literarum
974 905 1072 978 ductu
1093 905 1183 970 haud

137 993 271 1071 nimium
294 991 463 1066 recedenS,
507 993 555 1062 lta
578 1003 687 1060 autem
709 989 850 1072 explico.
894 990 1033 1075 Aquilae
1056 992 1183 1056 Dianae

137 1100 252 1144 sacras
273 1077 387 1160 luisse,
418 1078 634 1162 gravissimus
656 1075 817 1160 Aeschyli
828 1082 861 1156 2)
890 1074 985 1141 locos
1008 1078 1121 1154 docet,
1149 1079 1184 1142 in

138 1187 203 1250 qno
227 1163 314 1252 (ruod
338 1167 527 1249 αἰγυπιούς
549 1161 739 1244 Aeschylus
760 1165 871 1240 vocat,
898 1165 1060 1237 neminem
1083 1165 1183 1229 offen·

137 1253 202 1322 det.
245 1251 380 1334 Legitur
402 1255 487 1324 enim
510 1250 551 1324 de
574 1248 626 1314 his
647 1250 734 1332 opud
757 1246 993 1330 Aelianum),
1024 1251 1106 1316 τοὺς
1129 1254 1184 1316 al-

137 1336 287 1422 γυπιοὺς
311 1337 348 1402 ἐν
371 1338 528 1422 μεθορίῳ
559 1339 683 1419 γυπῶν
713 1335 816 1426 donoc
837 1337 899 1400 καὶ
924 1339 1051 1406 αἰετῶν
1065 1338 1098 1422 ⁴)
1122 1347 1184 1402 oet.

138 1423 277 1486 Videtur
298 1427 406 1496 au'tem
430 1435 528 1505 poeta
549 1423 591 1492 ud
615 1421 839 1505 Ganymedem
860 1423 1045 1504 respicere,
1077 1424 1131 1507 qui
1153 1434 1187 1488 et

138 1510 211 1592 ipse
232 1511 275 1572 ab
298 1508 408 1592 aquila
430 1507 578 1574 sublatus
600 1521 688 1584 erat3
711 1509 755 1570 ita
770 1506 970 1590 lphigeniam
992 1530 1120 1593 quoquc
1143 1513 1186 1574 ab

138 1587 249 1681 aquila
272 1595 502 1667 subsererrdam
532 1615 574 1658 cx
603 1591 765 1667 sacrificio
790 1592 897 1660 Diana
926 1607 1028 1668 oarat.
1071 1595 1106 1658 ln
1136 1594 1184 1660 sa·

137 1681 222 1748 bulis
245 1682 375 1766 qnidam
398 1679 477 1750 nihil
508 1679 588 1744 certi
618 1677 756 1744 relatum
775 1689 847 1756 est,
880 1701 944 1764 quo
968 1682 1063 1750 modo
1086 1679 1184 1746 Chal-

138 1768 211 1832 olde
233 1767 265 1830 io
289 1766 433 1842 Taurida
457 1765 694 1850 per·veocrit⁵).
741 1764 807 1831 Sed
829 1787 888 1848 per
911 1768 1050 1831 medium
1072 1767 1186 1831 aethe-

138 1874 209 1916 rem
238 1873 276 1924 se
309 1875 348 1917 eo
382 1853 531 1929 aDiana
562 1853 698 1924 missam
727 1871 802 1924 esse
831 1853 906 1936 ipsa
939 1854 1027 1936 apud
1057 1853 1186 1938 Euripi-

139 1941 212 2014 dem
230 1943 261 2019 ⁶)
286 1937 463 2021 profitetur,

229 2047 322 2119 Onus
342 2050 390 2122 de¹
405 2050 466 2126 iis,
489 2065 575 2130 quae
598 2056 789 2128 portantur,
811 2047 858 2120 ita
880 2048 1033 2120 usitatum
1057 2057 1129 2124 est,
1152 2060 1187 2112 ut

138 2135 248 2218 ipsum
270 2136 352 2198 uteri
374 2155 458 2204 onus
481 2131 643 2216 significet
657 2133 710 2216 7);
741 2135 815 2205 uela
848 2145 957 2196 autem
987 2135 1028 2202 de'
1057 2131 1187 2217 aquilae

138 2219 202 2292 alis
224 2222 339 2284 eodem
361 2223 458 2285 modo
480 2215 566 2293 dicta
588 2229 676 2294 sunt,
699 2240 762 2301 qno
781 2216 962 2290 volturibus
980 2221 1023 2284 ab
1038 2217 1186 2305 Aeschy-

27 2332 29 2336 ’
138 2305 222 2387 10⁸)
261 2305 620 2387 ncepdyorr'ioarnol
657 2305 904 2384 tribuuntur⁹);
943 2325 1050 2388 neque
1085 2326 1188 2388 possa

139 2393 214 2460 vela
235 2391 390 2453 inusitata
405 2396 469 2468 ΞΟ).
517 2389 656 2455 Hortum
685 2399 791 2450 autem
813 2387 953 2469 τέμενος
974 2390 1117 2462 Dianae,
1148 2397 1187 2456 τὸ

140 2473 266 2553 §aaron
288 2485 345 2556 τῆς
368 2481 451 2538 θεᾶς
476 2474 594 2536 dictum
618 2484 706 2554 puto.
753 2471 828 2538 Noli
852 2477 1131 2570 praepositionem
1151 2479 1187 2554 in

140 2559 329 2636 desiderare
348 2571 423 2626 ante
444 2559 671 2634 accusativum
688 2561 752 2640 Π).
1195 2573 1200 2584 “

577 2713 759 2800 Lycurgum.

227 2833 390 2898 Plurimae
427 2835 577 2918 quamvis
617 2831 714 2920 hujus
744 2829 877 2904 subulae
914 2833 1080 2913 supersint
1114 2835 1188 2899 reli-

139 2921 250 3006 quiae,
273 2920 481 3000 nihilominus
505 2940 546 2985 ne
568 2921 609 2983 de
632 2940 670 2992 eo
695 2919 824 3003 quidem
846 2918 929 2980 inter
946 2917 1044 2984 Viros
1062 2920 1190 2987 Doctos

141 3019 293 3084 constat,
328 3019 433 3082 utrum
463 3007 633 3090 tragoedia
667 3005 765 3071 fuerit
794 3023 836 3068 ao
868 3005 1047 3076 comoedia.
1094 3009 1190 3083 Quod

141 3095 228 3166 enim
251 3093 388 3158 Botlrins
416 3095 449 3156 in
481 3093 661 3176 tragoediis
686 3113 758 3156 eam
780 3104 951 3170 recenset,
984 3093 1017 3156 id
1038 3095 1119 3162 miro
1141 3096 1189 3160 fa·
1270 3135 1274 3144 ι

142 3192 230 3249 ctum
253 3199 328 3242 esse
351 3180 505 3244 Osannds
523 3186 575 3259 μ)
607 3179 793 3256 contendit,
824 3180 896 3262 qui,
925 3189 959 3242 ut
981 3199 1042 3244 sua
1065 3183 1106 3245 de
1126 3182 1191 3246 hac

107 3273 110 3282 ’
140 3264 253 3342 fabula
277 3265 419 3328 obtineat
442 3264 641 3351 conjectura,
666 3277 728 3326 ne'o
752 3266 955 3327 comoediam
976 3285 1038 3329 neo
1062 3277 1190 3350 tragoe-

142 3353 243 3430 diam,
265 3351 324 3420 sed
346 3349 461 3427 Laevii
483 3371 615 3427 carmen
638 3351 774 3425 mixtum
795 3348 899 3416 fnisse
915 3349 1102 3436 Lycurgum
1125 3369 1190 3419 sta-

142 3507 351 3522 —nu—-n--fl

128 3635 135 3652 .
215 3596 242 3666 1)
261 3595 361 3650 eodem
387 3594 473 3648 modo
496 3592 597 3660 Joaem
621 3597 711 3656 ellum
737 3593 882 3660 huminem
906 3613 926 3649 a
947 3595 1057 3654 Naevio
1082 3603 1192 3660 dictum

144 3696 205 3739 aare
218 3682 353 3752 putavit:
377 3677 415 3748 of·
436 3677 547 3752 fragm.
565 3679 642 3732 Dan.
659 3679 686 3733 9.
738 3679 768 3746 9)
785 3679 953 3752 Agamemn.
972 3683 1006 3736 49
1029 3685 1107 3741 Well.
1130 3723 1134 3730 2
1160 3690 1191 3761 3)

145 3767 182 3834 de
207 3772 267 3820 nat.
294 3763 414 3818 animal.
435 3781 507 3836 puy.
532 3763 567 3816 ts
589 3762 705 3820 Jacobs.
758 3765 786 3831 4)
815 3761 920 3818 Gesner
944 3765 1045 3821 dictor.
1070 3775 1192 3830 aninral.

139 3868 213 3924 pag.
234 3850 282 3905 189
298 3857 326 3904 et
343 3849 394 3904 759
412 3852 520 3902 citante
536 3846 681 3903 Jacobaio.
733 3849 762 3914 5)
787 3847 914 3912 Wclcder
939 3852 969 3903 ln
996 3851 1071 3918 Mus.
1097 3857 1192 3916 Rhea.

144 3935 180 3996 V,
197 3951 270 4008 pay.
296 3934 356 3988 458.
408 3933 439 4002 6)
466 3932 560 4008 Ipora.
590 3933 677 3988 Taur.
704 3933 748 3988 29.
807 3935 838 4005 7)
863 3933 1016 3990 Burmann
1041 3941 1082 3994 ad
1108 3941 1192 4000 Ouid.

145 4017 265 4085 Herold,
288 4019 335 4086 Xl.
353 4017 395 4080 64.
447 4019 476 4087 8)
495 4018 515 4074 l.
532 4019 553 4073 l.
605 4019 634 4088 9)
653 4023 698 4074 ita
715 4023 806 4074 etiam
826 4017 942 4085 dadai:
965 4019 1041 4095 Viro,
1058 4024 1128 4084 Aen.
1146 4027 1215 4096 VL·

150 4105 198 4176 193
223 4109 385 4178 remlqlo
403 4104 570 4168 alarum3
589 4106 703 4162 lucret.
721 4103 767 4159 Vl.
785 4103 837 4164 743
854 4119 1068 4174 pannorum
1089 4116 1192 4180 velat

148 4188 188 4259 cs.
206 4187 338 4252 Doroille
354 4187 396 4242 ad
415 4190 525 4246 Clarii.
550 4207 619 4262 puy.
645 4191 697 4256 999Ι
715 4189 801 4245 Beclc.
857 4191 899 4256 19)
917 4189 1017 4259 Mosen
1040 4198 1082 4251 ad
1101 4199 1191 4256 Cicer,

152 4271 262 4326 Tuscal.
281 4271 301 4326 1.
319 4273 361 4327 49.
383 4274 439 4328 118.
453 4291 525 4348 puy,
544 4277 603 4330 499.
660 4277 703 4348 ΙΙ)
732 4277 815 4331 Corte
831 4275 882 4330 nd·
896 4275 1004 4332 Lucan.
1031 4279 1137 4350 Plrara,
1159 4287 1191 4341 l'.

147 4357 206 4411 572.
224 4355 284 4410 vll.
301 4359 360 4411 477.
415 4360 459 4428 12)
478 4363 509 4412 ln
535 4361 657 4417 Zeilcolc.
675 4359 699 4430 f.
719 4361 928 4420 Alteridumuw.
956 4363 1021 4420 18³6
1040 4384 1114 4443 paq.
1131 4373 1192 4428 979.
