2890 4948
507 391 757 470 -69-

99 573 153 635 cio
175 578 252 634 exta
276 579 373 654 poeta
398 569 486 650 dicit,
509 587 614 658 eaque
635 574 710 640 ideo
732 577 783 642 sic
798 587 918 643 vocata
934 587 1038 663 putat,
1061 587 1147 668 qood

98 657 130 720 in
154 657 195 720 iis
215 657 332 719 civium
356 655 544 720 haustorum
568 657 750 742 fragmenta
772 665 1070 747 conspiciebantur,
1090 670 1146 734 dn·

98 740 176 826 plici
195 741 291 804 modo
307 740 405 807 Nonii
420 744 597 808 contemnit
612 749 848 812 auctoritatem.
886 749 1032 816 Alterum
1049 756 1145 833 enirn,

97 847 194 910 quem
226 827 336 906 addit,
359 847 490 892 versum
513 827 545 892 io
568 831 662 894 tertio
694 833 850 899 carminis
878 831 959 900 libro
974 842 1005 916 ¹)
1033 840 1146 904 sedem
1170 869 1173 876 ·

96 933 191 976 suam
212 909 369 976 habuisse
391 915 574 986 evatroeia
595 926 672 982 exta
693 931 828 1002 propter
850 921 1041 987 cruditatem
1059 924 1147 990 dieta

95 995 203 1062 fuisse
223 997 350 1060 Nonius
364 1000 396 1079 2)
419 998 570 1063 affirmat.

183 1107 310 1172 Versus
339 1125 406 1175 rien
437 1109 479 1172 ad
509 1108 693 1191 Regulum,
723 1111 782 1176 sed
816 1111 859 1175 ad
890 1110 1040 1178 Servium
1070 1115 1145 1180 Ful·

41 1216 45 1226 ¹
95 1193 183 1256 vium
206 1203 240 1256 et
260 1193 307 1258 Μ.
335 1192 508 1258 Aemilium
539 1194 702 1260 Consules
729 1197 892 1276 pertinere
922 1197 1067 1277 videtur,
1090 1204 1145 1284 qui

95 1299 170 1342 cum
195 1277 238 1342 ad
259 1279 455 1342 Hermaeum
478 1280 612 1344 Poenos
640 1279 750 1344 navali
774 1280 897 1363 proelio
930 1284 1145 1365 visssew),

95 1363 285 1446 ingentique
306 1364 430 1446 praeda
454 1365 546 1446 potiti
569 1376 700 1442 essent,
730 1387 805 1431 mox
829 1378 960 1444 minen,
989 1366 1076 1434 farne
1098 1370 1145 1435 la-

96 1448 298 1530 borantes4)
329 1446 442 1513 relicta
472 1448 587 1516 Africa
619 1449 764 1516 Siciliam
795 1451 965 1534 petierunt.
1019 1455 1145 1520 Victori

95 1533 197 1619 igitur
217 1534 376 1598 exercitui
399 1555 457 1611 ea,
481 1555 565 1618 qnae
587 1549 775 1618 supererat,
799 1557 878 1602 earo
901 1537 1072 1604 distributa
1095 1563 1144 1606 es·

94 1640 134 1688 se
158 1619 295 1685 videtur.
338 1618 407 1686 Sed
429 1617 511 1686 nihil
532 1620 662 1686 affirmo
684 1623 718 1688 in
738 1642 775 1688 re
797 1633 863 1688 tam
886 1625 1040 1690 obscura.

180 1868 378 1953 Calpurnius
417 1871 493 1936 Piso
511 1872 560 1958 ⁵):
598 1763 732 1958 liutpert
770 1872 829 1938 Cn.
863 1872 1022 1962 Souper‘)
1061 1877 1145 1942 libro

92 1965 216 2045 qrtorw
239 1955 387 2022 debello
412 1955 558 2022 fornicor

225 2073 423 2153 inhospitalis
445 2069 591 2130 uictrieds
610 2073 758 2134 adsorbet
779 2065 865 2146 tinda

223 2151 357 2216 Latiri'm
379 2159 518 2234 Iepr'ones
538 2152 708 2217 lrdmonum.

95 2259 146 2322 lta
168 2269 259 2323 reete
289 2261 474 2324 emendavit
495 2260 558 2325 hos
587 2281 724 2339 versus,
756 2262 828 2325 sive
850 2257 1042 2344 Calpurnii,
1073 2263 1144 2327 sive
1260 2329 1265 2342 ,

94 2344 204 2428 ipsias
226 2343 375 2407 Merulae
403 2347 489 2422 sint,
520 2329 659 2412 Merula.
703 2347 736 2408 ln
759 2346 845 2410 libro
866 2346 952 2409 enim
975 2345 1143 2430 Calpurnii

93 2429 324 2510 manuscripto
347 2427 412 2510 legi
435 2431 513 2492 dicit
533 2431 653 2492 iactr-te
675 2449 709 2492 es
731 2438 764 2493 et
785 2432 952 2493 neminum.

181 2535 374 2618 Respiciunt
395 2535 429 2600 lri
451 2556 568 2602 versus
590 2537 706 2620 ingens
728 2535 806 2601 illud
824 2537 993 2602 Romanae
1011 2537 1142 2618 classis,

93 2618 236 2684 ducibus
252 2619 368 2684 Fulvio
388 2620 566 2686 ctAemilio
580 2621 778 2688 Consulibus
794 2624 825 2686 in
844 2621 990 2688 Sicilium
1007 2625 1141 2688 redeun-

92 2707 157 2782 tis,
182 2705 225 2770 ad
249 2698 445 2770 Camerinos
478 2707 682 2790 naufragium
695 2712 728 2788 7)
757 2709 881 2771 Eodem
905 2717 1073 2790 spectant,
1096 2711 1141 2772 ni-

92 2792 121 2856 si
142 2789 253 2870 fallor,
276 2789 512 2878 elegantissimi
534 2811 664 2872 versus,
688 2813 772 2877 qnos
794 2794 958 2858 servavitt

596 2935 628 3001 6·
901 3001 906 3013 .

180 3038 299 3109 Festus
312 3045 344 3128 ⁸)
366 3049 523 3128 topper
544 3043 733 3130 siqnifiectre
754 3045 802 3108 nit
817 3043 976 3109 Artorius
992 3045 1069 3124 cito,
1091 3065 1143 3111 ee-

95 3129 220 3194 leriter.
265 3129 324 3195 Sic
351 3127 386 3194 0.
410 3128 490 3214 (leg.
504 3128 580 3215 Cn.)
606 3131 775 3198 Naevius.
792 3176 800 3193 .
816 3175 825 3194 .
841 3154 868 3204 .,·
890 3132 938 3194 sic
957 3132 992 3194 in
1014 3131 1165 3220 coelem:¹

506 3245 638 3321 ncirnque
660 3247 777 3304 nullum
798 3241 892 3318 pdjns

181 3325 485 3385 macdratliemonem
500 3330 631 3404 qudmde
644 3329 675 3402 ⁹)
685 3329 772 3386 mcire
788 3343 914 3385 saevum
928 3314 992 3404 ¹⁰),
1000 3327 1084 3384 virdo
1092 3330 1145 3386 eui

180 3412 427 3487 commparato,
457 3417 569 3486 topper
597 3411 793 3488 cdnsrr'nydnt
814 3414 1009 3486 importunae
1030 3409 1142 3470 dadae.

95 3513 224 3578 Versus
247 3514 407 3598 disposuit
428 3513 644 3580 Hermannus.
687 3509 786 3580 Liber
800 3516 1039 3600 manuscriptus
1060 3519 1144 3584 caret

97 3609 130 3662 et
150 3596 339 3680 lemannum
368 3600 689 3669 natranrestitutum
710 3603 821 3685 prisco
839 3620 923 3664 aevo
945 3599 1015 3665 vult
1038 3601 1142 3667 Scali-

98 3703 167 3768 ger,
183 3685 346 3750 bernonem
360 3685 444 3750 idem
453 3709 463 3768 3
479 3689 576 3751 macir
592 3685 741 3756 Ursinus.
786 3685 975 3752 Schuettius
991 3685 1055 3750 hos
1070 3704 1141 3752 ver·

170 3909 440 3982 l)1‘ropm.lll.2
492 3911 528 3980 2)
543 3928 612 3984 paq.
627 3911 662 3966 76
678 3910 723 3968 Μ.
739 3911 784 3966 54.
804 3907 838 3966 G.
890 3909 919 3976 3)
942 3908 1044 3981 Polyb.
1061 3909 1081 3964 l.
1098 3912 1142 3968 36.

100 3994 128 4059 4)
149 3991 268 4065 Eutrop.
288 3992 320 4047 ll.
337 3996 387 4054 ‘lit
409 3995 490 4051 Oros.
508 3995 554 4049 lv.
569 3995 604 4053 oz
624 3997 732 4065 Zenon
748 3993 818 4052 Vlll.
839 3996 886 4048 lit
904 3993 1027 4051 Diodor.
1044 3995 1142 4052 Xlllll.

101 4077 152 4131 ecl.
172 4078 212 4131 14.
265 4079 293 4145 5)
312 4079 420 4132 errante
444 4077 562 4155 Mer-arla
580 4078 598 4131 l.
620 4078 639 4132 l.
660 4096 733 4152 paq.
751 4083 794 4134 45.
847 4080 876 4147 6)
895 4079 935 4150 cf.
948 4092 1019 4152 pap.
1036 4079 1062 4134 5.
1114 4081 1143 4146 7)

103 4159 204 4230 Polyb.
223 4159 244 4214 l.
262 4161 313 4218 3⁷2
340 4159 419 4219 Flor.
439 4163 560 4234 Eutrop.
580 4157 661 4218 Oros.
680 4165 740 4219 Ltc.
758 4163 879 4220 Iliadae.
898 4165 930 4220 ll.
948 4162 978 4217 ll.
1029 4163 1061 4232 8)
1078 4183 1101 4220 r.
1118 4183 1142 4220 v.

105 4249 208 4315 topper
228 4260 300 4316 pop·
318 4247 370 4300 tat
384 4245 488 4321 Maeli.
541 4249 573 4318 t)
593 4246 687 4303 Botlre
711 4250 753 4305 ad
770 4249 870 4305 Ptaot.
888 4247 993 4324 [mpla.
1011 4247 1056 4304 lll.
1074 4251 1100 4303 4.
1118 4255 1143 4316 Ξ.

104 4329 148 4394 10)
166 4325 205 4396 cf.
226 4325 335 4383 Recta
352 4329 387 4384 de
407 4347 477 4409 com.
494 4331 579 4388 Ronr.
598 4333 658 4405 fad.
673 4351 744 4408 pap.
766 4341 806 4391 tt.
