2864 4944
530 391 585 436 1-
641 351 791 424 37·-

268 539 422 615 sequentis
454 539 581 598 emissus
611 535 689 596 liber
718 533 791 612 est).
836 533 950 598 lllultos
967 541 1084 598 temere
1107 533 1185 598 llae-

267 626 356 684 riano
385 624 511 688 ourmiul
541 639 647 682 versus
678 623 824 684 adscribit
850 643 890 683 ea
919 622 987 686 sola
1014 624 1055 696 de¹
1082 642 1185 698 eausa,

269 709 352 786 quod
373 710 403 767 iu
426 711 558 772 metron
577 709 757 770 Saturnium
778 707 894 768 includi
915 716 1007 786 porse
1032 709 1183 782 videntur,

265 813 367 870 neque
400 813 436 854 eo
470 794 659 868 deterretur,
690 795 790 870 quod,
820 797 856 852 ut
885 795 1047 856 Saturnius
1077 811 1183 856 versas

268 879 420 953 eraderet,
442 874 539 938 multa
560 879 706 940 mutanda
728 878 870 959 erant1).
912 881 983 942 Alia
1012 879 1184 960 fragmenta

266 967 437 1026 trimetrum
461 966 629 1044 jambieum
643 961 675 1046 ²)
707 968 761 1026 aut
789 967 978 1026 trochaicum
1007 964 1183 1044 metrum³)

136 1089 139 1100 ·
265 1051 416 1124 exhibent,
450 1049 644 1110 nihilominus
677 1053 806 1126 tamem·
825 1053 959 1129 quumvis
997 1051 1180 1124 dubitanter,

265 1139 344 1196 inter
374 1138 534 1197 Saturnios
571 1137 767 1210 referuntur3
806 1137 904 1214 quid?
945 1136 1028 1214 quod
1056 1136 1180 1213 phalae-

265 1239 353 1281 ceum
376 1221 664 1296 hendecasyllabum
687 1223 789 1282 Laevii
814 1225 843 1281 in
869 1223 1045 1281 Saturnium
1074 1237 1181 1280 eorru-

262 1310 308 1384 pit
322 1325 444 1366 versum
455 1303 499 1387 ⁴).
536 1307 679 1368 Priorum
699 1309 819 1368 tantum
840 1309 988 1382 librorum
1009 1307 1181 1387 fragmenta

263 1395 293 1451 in
325 1391 462 1451 ordinem
492 1393 643 1469 quendam
680 1393 823 1472 digessit,
852 1395 883 1452 in
912 1393 1038 1468 reliquis
1068 1396 1180 1464 autem,

264 1480 399 1554 quamvis
423 1478 461 1537 de
482 1479 660 1558 fragmentis
682 1498 738 1540 sno
761 1480 829 1537 loco
851 1478 1047 1538 restituendis
1071 1477 1181 1554 despe-

263 1581 357 1637 rans,
396 1563 680 1644 spangenbergium
714 1565 901 1640 pedetentim
935 1565 1082 1640 sequitur.
1133 1561 1179 1622 De

263 1654 381 1722 metro,
412 1668 474 1726 quo
503 1668 577 1708 usus
609 1652 672 1723 est,
698 1647 764 1726 jam
792 1667 885 1726 supra
913 1649 1094 1710 sententiam
1124 1667 1180 1707 no-

262 1738 357 1794 stram
395 1735 625 1800 declaravimus.
676 1735 767 1796 Auxit
797 1737 900 1794 tamen
938 1735 1180 1813 fragmentorum

256 1836 432 1894 numerum,
456 1835 639 1898 quamquam
662 1819 785 1898 saepius
806 1822 946 1880 versibus
969 1820 1086 1882 alienis.

221 1933 271 2000 De
292 1933 418 2000 edendo
441 1935 556 2003 Naevii
584 1931 733 2000 debello
759 1931 886 2002 Punieo
915 1934 1060 2000 cannino
1089 1932 1178 2020 cogi·

134 2031 244 2089 terunt
263 2017 317 2086 rel
339 2021 504 2106 cogitant:
910 2061 912 2066 ·

134 2149 177 2210 H.
198 2149 398 2210 Dueutzerus
411 2143 454 2223 ⁵),
470 2148 528 2206 nisi
541 2149 601 2206 iam
615 2143 773 2222 promissis
791 2143 912 2203 stetisse
929 2139 1103 2216 arbitratur,
1120 2159 1179 2219 pu-

261 2231 393 2375 {11:232
395 2232 444 2376 isin
466 2233 553 2320 ΙΙίἰπο
576 2251 632 2293 suo
655 2232 694 2292 de
716 2248 807 2290 versu
830 2230 975 2290 Saturnio
1000 2230 1177 2310 fragmentis

135 2434 316 2495 &reuertar
327 2430 369 2506 ⁶).

554 2603 760 2620 m

444 2829 644 2920 fragmenta
668 2826 738 2894 libri
767 2827 869 2916 primi.

648 2989 676 3058 1.

144 3127 148 3138 ‘
219 3109 345 3173 initium
367 3110 520 3174 carminis
549 3110 582 3174 in
606 3107 784 3194 Calpurnio
807 3107 932 3175 Pisone
961 3126 1022 3172 suo
1053 3107 1119 3173 hoo
1141 3129 1179 3172 se

133 3193 256 3280 legisse
285 3191 427 3260 affirmat
448 3193 576 3260 Merula
586 3194 641 3281 7);
673 3193 733 3262 Cu.
759 3189 906 3261 Naeuius
935 3192 1020 3257 betto
1052 3191 1179 3258 Puuieo

130 3283 483 3434 {rlssugegomruorfturur
505 3279 597 3368 (lege
618 3283 863 3358 immoraturus)
887 3280 996 3356 currit,
1017 3283 1054 3342 ut
1075 3280 1179 3343 soient

301 3481 368 3560 Qui
388 3483 488 3564 terrui
507 3473 619 3544 Luras
638 3496 784 3552 omuones
804 3485 949 3540 tueamur

306 3567 399 3630 Viros
420 3567 576 3648 rudesque
598 3567 737 3629 Poenica
756 3563 851 3643 sator

135 3695 219 3761 quos
241 3693 358 3742 versus
378 3669 507 3742 Merula
527 3672 574 3742 ite
594 3673 730 3743 mutavit
750 3671 955 3754 digessitque

306 3789 385 3863 Quoi
404 3790 518 3848 terrani
539 3787 655 3852 Latlaal
677 3790 844 3848 hemoones·
865 3785 1030 3844 tuuserunt

306 3875 403 3935 Vir-eis
424 3874 613 3952 fruudesque
634 3875 784 3935 Poenicae
805 3872 906 3932 lenm.

136 4041 345 4060 m

207 4149 233 4216 1)
248 4147 359 4222 [ΝΜ.
383 4150 408 4206 ³.
426 4151 451 4210 7.
468 4150 503 4208 65
523 4157 551 4206 et
567 4147 610 4204 oo.
669 4145 699 4216 2)
716 4145 824 4219 froam-
848 4143 891 4199 ᾗ),
919 4209 923 4218 ‚
950 4143 979 4210 3)
1003 4143 1112 4214 fraym-
1137 4138 1180 4193 or.

136 4238 166 4302 t)
183 4231 294 4305 fream.
312 4233 356 4290 oa.
409 4237 439 4302 5)
458 4233 598 4292 Zettrclu.
615 4231 668 4305 sita·
683 4230 894 4288 Altertlrum'rw.
917 4225 991 4284 loos.
1012 4243 1087 4298 paq.
1104 4222 1181 4282 nuo.

139 4321 173 4392 t)
193 4318 372 4392 Musteus.
390 4319 448 4376 Ait.
467 4319 627 4412 impsq-
643 4316 703 4372 ⁵8⁴.
755 4313 822 4390 nt.
840 4313 859 4370 l.
874 4329 944 4386 paq.
961 4311 1003 4370 u.
