2890 4948
609 355 963 468 --1οο---1

232 537 374 626 etopud
395 535 571 606 Homerum
588 537 640 626 ¹):
667 607 670 616 ,
692 561 696 564 ·

397 661 427 727 ἐς
451 659 605 733 ἀκρόπολιν
629 659 746 718 δόλον
768 655 855 732 ἤγαγε
879 661 942 726 dioc
970 659 1111 725 Odcooerie

236 790 268 844 et
290 775 378 864 apud
400 774 574 860 Virgilium
590 773 641 862 2)ι

505 919 573 994 ipse
597 919 662 977 doli
683 917 853 977 fabricator
873 916 989 994 Epeos,

259 1051 356 1115 uibus
386 1047 512 1114 clocis
541 1058 651 1132 patet,
683 1069 802 1132 equum
843 1049 934 1114 illum
965 1049 1142 1135 'frojanam
1165 1047 1291 1112 Dolum

238 1075 304 1201 liet
330 1133 460 1201 solitum
492 1133 614 1208 luisse,
645 1146 681 1199 ut
712 1136 793 1202 setis
823 1135 933 1200 mirari
962 1155 1107 1219 nequeas
1139 1135 1286 1200 omnium

236 1222 346 1288 Plauti
371 1222 528 1286 editorum
551 1241 713 1298 errorem,
744 1221 799 1305 qui
821 1219 940 1286 Dolum
970 1220 1026 1289 illo
1049 1220 1125 1287 loco
1148 1241 1290 1286 exaran-

239 1321 291 1374 tes
313 1308 353 1372 de
372 1306 500 1371 Dolone
517 1305 676 1392 Trojano,
698 1307 851 1372 Eumcdis
872 1306 950 1388 filio,
973 1307 1169 1390 cogitarunt,
1192 1327 1291 1393 quem

241 1413 384 1460 errorem
413 1395 480 1478 jam
502 1404 580 1458 ante
603 1413 654 1456 me
675 1395 801 1457 notavit
823 1393 988 1458 Beckerus
1004 1398 1047 1478 ³).
1091 1393 1185 1467 Quae
1214 1413 1291 1458 cum

241 1482 288 1548 lta
311 1482 387 1558 sint,
408 1479 528 1546 Dolum
550 1487 584 1543 et
606 1479 732 1564 Equum
755 1480 931 1564 Trojanum
954 1481 1092 1544 eandem
1114 1478 1218 1544 fuisse
1239 1477 1292 1542 fa·

242 1565 373 1646 bulam,
396 1565 515 1649 duplici
540 1565 669 1628 nomine
691 1566 890 1648 insignitam,
913 1567 1063 1651 conjicio.
1108 1565 1175 1630 Sed
1198 1565 1291 1628 dubi·

242 1663 354 1718 tarunt
382 1649 423 1716 de
452 1647 547 1736 Equo
576 1649 739 1738 Trojano,
770 1659 875 1715 utrum
905 1647 990 1717 Livii
1018 1673 1061 1716 an
1089 1649 1208 1716 Naevii
1236 1649 1291 1714 sit.

244 1739 447 1822 Quamquam
470 1735 605 1814 Naevii,
637 1757 704 1801 non
725 1733 810 1802 Livii
840 1757 916 1802 esse
946 1737 1110 1819 fabulam,
1140 1757 1177 1802 sa
1205 1736 1290 1800 acis-

245 1826 327 1892 sime
350 1824 459 1889 docuit
482 1823 637 1885 Osannus
651 1825 702 1905 4)‚
727 1823 797 1902 cni,
826 1825 923 1888 novis
945 1822 1144 1908 argumentis
1166 1759 1289 1898 allatis,

245 1909 464 1996 adstipulatur
490 1907 637 1990 Langios
652 1911 693 1992 ⁵).
746 1907 837 1973 Male
868 1921 975 1974 tamen
1007 1922 1040 1974 et
1068 1908 1149 1974 satis
1179 1909 1293 1972 incon·

247 2017 328 2082 grue
357 1996 423 2081 egit
447 1993 584 2060 Botlrins
600 1995 652 2079 ὅ),
680 1994 757 2079 qui,
779 1997 929 2081 quamvis
958 2006 993 2062 ct
1020 1991 1093 2082 ipsc
1123 1989 1294 2058 Osannnm

245 2103 359 2148 verum
388 2083 512 2146 vidisse
544 2090 653 2163 putet,
688 2079 896 2148 nihilominus
933 2081 1017 2146 inter
1045 2081 1132 2146 Livii
1161 2075 1296 2145 fabulas

246 2169 373 2254 Equum
395 2167 574 2255 Trojanum
596 2166 770 2231 recensuit.
815 2166 900 2242 Quid
924 2169 965 2232 de
986 2166 1173 2232 Duentzero
1188 2165 1224 2252 7)
1247 2165 1295 2228 di·

248 2254 474 2333 eamuescio3
504 2264 626 2316 temere
648 2253 733 2316 enirn
763 2253 914 2337 neglecta
939 2254 1065 2318 Osanni
1087 2262 1296 2338 argumenta·

248 2342 347 2424 tione,
367 2339 462 2404 Livio
479 2339 667 2402 Andronico
686 2336 890 2404 Naevianam
905 2339 992 2405 hanc
1010 2337 1155 2405 fabulam
1170 2337 1297 2404 adseri·

249 2428 332 2513 psit3
357 2426 453 2510 quod,
475 2446 548 2489 cum
571 2444 622 2488 me
645 2423 762 2508 fugiat,
780 2424 897 2512 quibus
920 2428 1032 2492 causis
1052 2436 1161 2490 motus
1181 2423 1299 2490 feeerit

251 2521 342 2594 (nam
364 2510 473 2576 nullas
495 2511 612 2595 addit),
634 2519 698 2574 non
722 2523 784 2589 est,
808 2512 894 2597 quod
917 2511 1055 2578 obnitar.
1099 2508 1189 2578 Male
1207 2503 1297 2575 Wei-

250 2598 383 2663 chertus
398 2601 430 2681 8)
452 2617 598 2746 elonque,
630 2600 779 2681 quamvis
803 2597 972 2664 Osannum
1006 2607 1039 2664 et
1060 2593 1222 2681 Langium
1252 2595 1298 2660 ci·

249 2697 335 2764 tans,
357 2684 440 2747 Livii
475 2685 573 2748 nudat
595 2701 712 2768 eqnnm
729 2681 915 2770 Trojanurn.
948 2680 1065 2748 Naevii
1086 2681 1298 2748 autemhanc

232 2789 326 2837 esse
348 2768 504 2846 fabulam,
526 2767 603 2833 mihi
626 2771 758 2856 quidem
779 2772 909 2835 omnino
933 2769 1097 2854 persuasit
1122 2769 1298 2834 Osannus:

249 2859 333 2923 Livii
364 2857 449 2920 enim
486 2855 617 2921 fabulas
654 2855 710 2918 vix
738 2877 760 2920 a
791 2878 955 2941 quoquam
986 2868 1095 2923 aetate
1129 2854 1300 2922 Ciceronis

250 2943 390 3030 intelligi
412 2943 558 3025 potuisse
581 2939 730 3004 affirmat.
775 2943 987 3026 Argumentis
1008 2954 1118 3008 autem
1142 2943 1184 3006 ad
1210 2962 1298 3005 com·

252 3029 454 3114 probandam
477 3025 563 3090 hanc
585 3025 787 3112 remallatis
809 3041 941 3112 praeter
962 3045 1021 3106 ea,
1045 3048 1129 3114 quae
1150 3025 1300 3110 Langius

253 3115 434 3198 congessit,
456 3111 541 3177 haee
563 3113 639 3175 addi
655 3122 815 3194 poterant.
858 3107 1016 3180 Livianae
1031 3111 1163 3179 fabulas
1179 3112 1301 3200 dignas

253 3207 329 3266 esse
358 3219 442 3286 quae
470 3199 586 3262 iterum
621 3195 788 3280 legantur,
821 3198 938 3266 Cicero
957 3204 989 3284 ⁹)
1020 3210 1130 3283 negat.
1187 3193 1302 3273 Quid?

252 3285 400 3364 fabulas,
423 3298 508 3372 quae
529 3285 682 3366 indignae
705 3285 872 3369 dicuntur,
904 3307 989 3372 quae
1010 3281 1216 3370 relegantur,
1240 3303 1301 3348 eos

253 3376 372 3458 dignas
388 3372 518 3436 habitas
541 3390 616 3436 esse
640 3381 832 3449 statuamus,
850 3394 934 3457 quae
952 3375 983 3435 in
1003 3393 1104 3437 scena
1127 3369 1301 3436 ederentur

254 3459 425 3527 Ciceronis
448 3468 574 3535 aetate,
607 3475 671 3541 qua
701 3467 734 3520 et
755 3457 836 3523 Attii
865 3469 896 3523 et
920 3459 1054 3523 Pacuvii
1084 3453 1216 3523 fabulae
1248 3453 1303 3522 edi

254 3541 428 3611 solebant?
470 3543 546 3607 Jam
574 3545 654 3606 tero
685 3541 766 3606 Attii
786 3543 1080 3628 Clytaemnestram
1109 3541 1142 3608 in
1171 3542 1259 3607 ludis
1281 3563 1305 3608 a

253 3630 413 3720 Pompejo
435 3630 550 3694 iterum
572 3625 719 3694 Consule
749 3649 837 3694 anno
859 3627 1133 3696 DCLXXXXIX.
1156 3630 1189 3694 in
1212 3629 1303 3694 thee·

254 3716 530 3803 troPompejano
551 3714 649 3779 editis
678 3711 776 3779 simul
804 3735 880 3782 curn
899 3715 993 3803 Equo
1016 3714 1160 3806 Trojano
1182 3715 1305 3781 editam

255 3901 464 3918 ω

324 4019 354 4088 n
374 4017 475 4090 eapse.
489 4013 562 4072 vm.
578 4009 638 4072 tot.
689 4011 721 4088 a)
739 4011 807 4072 Aac
825 4009 858 4071 11.
876 4015 935 4070 not
986 4012 1018 4084 a)
1034 4013 1071 4070 aa
1087 4027 1160 4070 com.
1176 4012 1305 4074 nomm.
1330 3985 1337 3995 '

252 4092 346 4174 hiul-
367 4119 439 4176 pap.
465 4102 507 4156 64.
561 4102 593 4172 Δ)
612 4099 692 4156 anal.
711 4103 780 4162 ‚ott
794 4116 867 4173 pop.
884 4099 970 4158 5-9
987 4109 1017 4157 et
1035 4100 1094 4156 147.
1147 4099 1176 4166 5)
1197 4097 1306 4152 studio·

253 4183 383 4260 trapoed.
402 4185 490 4240 Rom.
503 4203 576 4258 pap.
594 4183 612 4238 e
628 4191 687 4238 aot.
707 4182 749 4236 10.
801 4183 833 4253 6)
849 4181 961 4259 fragm.
987 4195 1063 4260 trap.
1083 4199 1156 4257 pap·
1181 4183 1224 4236 ll.
1276 4183 1305 4249 7)

252 4266 329 4326 Ltoz't
345 4271 472 4326 Andron.
490 4270 599 4341 frapnr.
612 4285 685 4344 pap.
701 4267 745 4322 ta.
796 4268 826 4336 8)
841 4277 919 4340 poet.
937 4269 1035 4328 Latin.
1053 4269 1138 4342 reliq.
1153 4283 1225 4342 pap.
1242 4265 1306 4324 336.

249 4357 281 4422 o)
301 4355 386 4412 aaa.
402 4355 500 4410 xvrn.
519 4356 561 4409 n.
