2890 4948
509 375 793 448 *89*

147 557 344 629 tamena
364 556 507 622 uersibus
528 573 632 620 terrim
649 557 700 631 sit,
720 569 787 618 aon
804 552 891 618 Ltm‘i
906 553 1012 638 (addo
1026 573 1087 620 aec
1098 555 1189 622 Nce-

147 647 222 724 mi),
243 643 298 710 uti
318 642 359 708 da
381 645 533 728 tropicis,
553 661 656 727 neque
680 640 792 716 Nouii,
815 659 919 726 aequm
941 641 1055 706 Laeuii
1073 661 1189 707 nomen

176 732 230 794 oni
252 731 368 806 licere,
399 731 463 792 nisi
491 731 596 812 ipsum
618 727 691 814 jam
719 729 910 810 scriptorem
932 746 1063 794 cracem
1080 737 1188 814 putes.

147 752 189 892 fn
219 813 444 882 discernendis
471 813 589 878 Naevii
618 823 651 881 et
681 812 777 881 Nouii
807 811 928 879 fabulis
958 834 1084 880 summa
1114 825 1190 880 suut

150 902 266 966 merita
286 899 413 965 Munkii
426 897 470 985 ἵ),
495 900 550 985 qui
572 899 633 978 vir,
655 895 864 982 plurimorum
893 897 1047 965 librorum
1077 910 1189 965 aucto·

148 989 246 1052 ritate
266 987 421 1066 nieuw),
443 1005 502 1066 ea,
524 1005 609 1078 quae
630 984 727 1049 Nouii
750 991 844 1061 sunt,
868 983 1039 1067 diligenter
1059 1004 1081 1051 a
1104 985 1190 1050 Nae·

149 1071 337 1144 misahelis
358 1073 522 1136 discrevit.
563 1069 630 1134 Vix
652 1071 872 1135 necessarium
894 1081 954 1150 est,
976 1082 1012 1136 ut
1032 1071 1192 1137 Naevium
1244 1069 1247 1076 ⁴

151 1179 227 1223 cum
249 1158 356 1222 Navio
386 1157 484 1222 etiam
505 1175 629 1239 augure
641 1157 674 1241 8)
704 1166 736 1219 et
758 1175 831 1220 oum
852 1155 1003 1236 Maeuio,
1031 1156 1190 1224 vilissimo

148 1245 341 1327 Augusteae
362 1243 480 1308 aetatis
501 1245 657 1325 poetat),
681 1243 872 1306 commutari
894 1262 1079 1318 memorem,
1107 1265 1191 1328 quac

148 1329 279 1416 quidem
302 1329 569 1397 commutationes
593 1347 659 1398 nou
680 1327 869 1411 impediunt,
891 1349 954 1412 quo
977 1329 1082 1398 miuus
1104 1330 1189 1395 Nae·

149 1417 203 1488 vio
226 1435 289 1480 sua
310 1415 521 1484 vindicentur.

233 1532 390 1618 Magnum
420 1530 530 1597 dicere
557 1528 636 1596 licet
662 1540 796 1616 poetam
817 1529 978 1597 Naevium
999 1553 1019 1598 e
1040 1527 1190 1602 Platonis

146 1620 353 1702 sententie⁵)
382 1639 447 1703 qua
468 1618 490 1683 ii
511 1628 634 1684 tantum
656 1627 827 1701 poetarum
849 1619 979 1683 nomiae
998 1621 1087 1703 digni
1102 1635 1189 1702 sunit,

150 1707 260 1790 quiet
282 1705 426 1776 comicas
455 1717 489 1768 et
510 1703 654 1784 tragicas
686 1722 884 1785 componere
912 1703 1023 1770 valent
1050 1706 1190 1780 tabulae.

145 1791 232 1856 Nam
253 1791 294 1856 de
314 1792 408 1858 Livio
429 1791 588 1856 incertum
609 1787 717 1854 adhue
739 1800 807 1866 cst,
828 1791 1040 1874 scripseritne
1061 1816 1190 1859 comoe-

148 1880 220 1941 dias
249 1897 313 1942 nec
334 1897 395 1960 ne,
422 1877 548 1943 Ennius
571 1886 680 1939 autem
700 1875 734 1938 in
760 1874 937 1940 comoediis
965 1876 1052 1942 haud
1082 1881 1189 1952 excel·

145 1961 250 2028 luisse
272 1964 417 2027 traditur.
460 1961 578 2026 Naevii
599 1970 707 2025 autem
731 1957 863 2026 fabulas
883 1961 929 2026 ita
950 1963 1132 2050 disponam,
1155 1978 1190 2032 ut

146 2052 285 2134 primun
308 2049 563 2136 tragoediarum,
584 2056 651 2110 tum
674 2049 914 2112 comoediarum
935 2046 1119 2131 fragmenta
1139 2075 1189 2117 re·

146 2141 449 2220 censeam‚'neque
471 2153 529 2198 eas
550 2131 733 2216 negligam,
761 2153 847 2218 quas
866 2133 951 2199 falso
974 2134 1051 2201 huic
1071 2149 1190 2221 poetae

145 2222 327 2286 tribuerunt
348 2219 420 2285 Viri
441 2219 548 2284 Docti.

125 2357 128 2362 ’
230 2339 364 2412 Dubitat
397 2335 596 2403 Welckerus
609 2339 663 2416 ⁶),
692 2355 736 2400 an
763 2334 909 2401 Naevius
943 2357 1024 2402 vere
1060 2351 1188 2426 tragoe-

147 2427 222 2492 dias
242 2425 471 2507 composuerit.
514 2423 660 2486 Frustra.
703 2421 754 2484 Ea
778 2421 883 2499 einim,
911 2442 995 2507 quae
1017 2425 1102 2491 infra
1124 2429 1188 2494 dis·

146 2511 354 2612 putabimuS,
394 2509 436 2574 de
471 2507 598 2579 Naevio
638 2504 764 2588 tragico
807 2517 907 2594 poeta
947 2508 1086 2578 dubitari
1122 2535 1189 2580 non

146 2607 265 2668 suruot.

143 2803 186 2866 V·
207 2805 214 2818 ·
232 2713 442 2866 (llpllpgerunt
464 2708 649 2800 fabularum
674 2707 914 2776 Naevienarum
946 2709 1132 2794 fragmenta
1154 2717 1190 2785 hi

177 2825 216 2868 nr
269 2821 310 2872 oc
324 2822 354 2864 ιε
1016 2831 1024 2852 ⁸

144 2929 187 2990 R.
209 2935 241 2996 et
262 2927 304 2996 Η,
326 2919 543 3000 Stephani⁷)‚
575 2921 626 2996 qui
646 2915 767 2990 Naevii,
797 2915 882 2982 Nouii
905 2923 936 2978 et
959 2921 1062 2988 Laevii
1082 2943 1188 2986 uersus

269 3012 383 3088 ubique
400 3008 616 3080 confuderunt,
632 3007 735 3081 itaque
756 3007 852 3064 totam
867 3025 932 3065 rem
955 3011 1187 3072 conturbarunt.

144 3133 304 3204 Martinus
322 3131 434 3193 Detrio
457 3127 514 3206 (M.
535 3127 660 3186 Antonii
680 3111 774 3184 Delrii
799 3143 834 3183 ex
856 3128 1001 3188 societate
1022 3129 1094 3189 Iesu
1117 3151 1188 3206 syn-

269 3219 372 3292 tagma
393 3214 568 3294 tragoediae
590 3213 727 3272 Latinae.
759 3207 884 3269 Parisiis
911 3209 1001 3273 1619.
1024 3232 1095 3293 pag.
1117 3217 1186 3276 108.

233 3347 238 3357 .
271 3295 352 3378 tto),
375 3300 426 3374 qui
449 3317 549 3374 neque
572 3300 714 3357 accurate
737 3293 861 3372 collegit
881 3296 984 3360 Naevii
1006 3298 1187 3377 fragmenta,

270 3403 369 3459 neque
392 3399 577 3462 magnopere
602 3382 639 3439 de
662 3382 698 3438 lis
721 3379 905 3455 explicandis
931 3384 1187 3463 emendandisquc

269 3473 398 3530 meritus·
424 3471 480 3528 est.
523 3466 568 3528 Ne
595 3466 675 3532 illud
703 3463 825 3542 quidem
852 3466 924 3526 huic
946 3470 1011 3528 viro
1033 3469 1116 3530 leudi
1140 3477 1187 3532 est

271 3555 455 3627 ducendum,
478 3552 560 3628 quod
580 3550 724 3618 Naevium
747 3569 815 3610 eum
837 3551 931 3614 Novio
954 3573 1016 3616 non
1038 3559 1186 3630 contudit,

182 3687 185 3694 .
270 3661 340 3700 oum
361 3639 589 3720 tragoediarum
611 3640 729 3704 tantum,
760 3640 897 3707 veterum
927 3639 1098 3718 fragmenta
1122 3644 1185 3703 ool-

268 3727 388 3808 legerit,
628 3741 632 3746 ·

145 3907 349 3928 μ...-

200 4015 469 4093 ¹1)1.t.pap.tttt
485 4033 544 4088 app.
597 4014 627 4082 2)
645 4013 664 4066 l.
682 4013 702 4066 l.
717 4011 847 4084 praefat.
862 4031 932 4088 pap.
951 4015 984 4067 V.
1036 4015 1068 4087 a)
1087 4015 1185 4073 Moser

140 4101 183 4160 ad
209 4100 299 4155 dicen
323 4103 360 4156 dc
377 4101 501 4175 napata
520 4099 552 4155 ll.
569 4097 612 4154 20.
626 4113 699 4170 pap.
716 4097 786 4163 tom
811 4095 914 4154 ecdem
930 4102 962 4152 tn
978 4089 1010 4154 r'e
1026 4101 1126 4174 lapsus
1142 4111 1185 4159 cot

139 4185 278 4259 Repetitis
295 4185 395 4242 dicere
414 4187 451 4241 do
466 4203 499 4240 rc
516 4193 592 4256 trap.
603 4183 725 4236 Roman.
733 4181 829 4250 judic.
842 4181 1023 4256 papd9not.
1059 4189 1089 4252 l)
1113 4187 1183 4244 Wet·

139 4271 223 4337 cluent
240 4271 260 4326 l.
279 4271 299 4324 1.
311 4289 384 4344 pap.
401 4271 461 4326 (til.
513 4272 544 4337 5)
564 4267 676 4322 Conoiu
693 4285 765 4341 pap.
782 4268 834 4322 '223
851 4268 889 4322 D.
941 4269 971 4337 d)
990 4273 1037 4326 dte
1058 4272 1185 4332 Gnecdl·

139 4355 226 4413 aeden
247 4354 424 4428 liapoedtcn
437 4373 507 4429 pap.
528 4354 601 4409 tam.
653 4352 684 4420 7)
702 4351 741 4420 cf.
757 4357 888 4428 papati».
962 4359 964 4368 ⁴
