2864 4944
527 399 753 472 ...3..

112 581 249 648 rudibus
269 579 336 664 illis
356 573 526 646 Romanae
546 579 661 666 poesis
683 579 794 658 iubilo,
822 577 947 664 suspici
969 591 1002 647 et
1022 581 1065 648 ari
1087 581 1156 646 imi-

112 669 247 732 tandum
271 667 409 750 proponi
430 665 589 733 solebant.
629 669 723 742 Quae
742 683 840 752 quam
862 683 942 730 vcra
963 665 1039 745 siut,
1061 685 1157 732 nemo

112 751 294 817 Niebuhrio
326 750 454 836 planius
476 753 662 835 perspexit,
684 749 739 838 qui
754 754 787 834 ¹)
809 746 988 816 subserere
1016 752 1176 836 quidem,-

113 857 194 902 vere
222 849 331 902 tamen
362 837 404 901 de
436 836 538 901 Ennio
567 837 614 902 ita
639 839 786 923 judicat:
810 835 870 916 or,
902 831 963 902 tier
991 837 1157 924 ernetbaft

110 923 258 1009 piortbtc,
284 920 385 1004 Roma
405 931 511 987 ersten·
533 919 670 987 Dichter
690 937 730 988 ru
751 939 840 1008 ampo,
864 919 937 988 mcii
956 939 994 986 er
1015 919 1068 986 dic
1090 925 1159 986 stlte

114 1008 337 1074 einbeimisciic
363 1004 478 1072 Pnosic
507 1005 686 1094 iprensium,
716 1009 898 1074 emeritae
923 1007 992 1072 croci
1012 1006 1068 1072 mit
1093 1009 1155 1071 Er·

112 1097 189 1182 foip
219 1093 453 1158 caramuel-te
473 1096 504 1175 2)
534 1105 596 1160 act.
646 1095 741 1168 Quae
773 1095 902 1178 quidem
938 1110 1059 1180 causae
1087 1091 1156 1158 lue·

113 1182 191 1256 rint,
213 1201 272 1244 our
292 1179 415 1244 Ennius
443 1177 613 1244 Romanas
633 1176 747 1264 literas
771 1191 838 1243 tarn
859 1173 958 1244 facile
979 1178 1157 1262 reprimere

114 1265 148 1328 in
172 1281 347 1349 earumque
368 1262 477 1328 locum
501 1259 649 1328 Graecas
671 1262 867 1329 substituere
886 1263 1038 1348 potuerit,
1060 1257 1159 1349 hujus

113 1345 181 1413 loci
202 1371 269 1414 non
291 1359 342 1414 est
364 1367 539 1433 exponere.
577 1347 659 1412 iilud
681 1359 789 1413 autem
812 1351 884 1413 sine
905 1349 1003 1414 dubio
1025 1347 1160 1416 muituni

114 1435 149 1499 in
172 1435 265 1498 Ennii
285 1456 354 1498 rem
376 1433 490 1511 valuit,
511 1454 585 1497 eum
607 1435 693 1519 quod
718 1436 876 1517 primores
896 1434 1075 1519 praecipue
1095 1435 1159 1498 rei-

113 1519 269 1604 publicae
297 1519 467 1600 Romanae
495 1517 609 1584 litems
638 1517 749 1586 coiere
778 1519 948 1598 solebant,
976 1530 1043 1584 tum
1071 1519 1159 1602 quod

114 1616 262 1684 mortuo,
285 1616 319 1668 ut
342 1606 427 1682 dixi,
449 1601 578 1668 Naevio
606 1603 714 1671 utilius·
745 1612 816 1670 erat
842 1616 960 1688 poeta,
988 1605 1042 1690 qui
1064 1597 1159 1668 Ennii

113 1687 350 1774 graecissantis
380 1701 517 1755 conatus
546 1688 708 1774 repellere
735 1697 858 1776 posset.
907 1685 973 1756 vix
1003 1689 1067 1754 dici
1099 1707 1157 1776 po·

114 1789 191 1855 test,
214 1787 417 1861 quantopere
440 1773 608 1854 doluerim,
631 1796 790 1840 summum
820 1775 908 1840 irunc
930 1777 1034 1840 virum
1056 1773 1158 1839 ineui-

113 1869 184 1926 tum
206 1862 275 1926 iere
295 1861 404 1925 adbuc
420 1862 579 1946 jacuisse,
601 1856 826 1946 neminemque
847 1864 929 1926 satis
950 1871 1160 1945 perspectum

8 1951 11 1960 '
112 1947 290 2017 habuisse,
323 1965 418 2028 quam
450 1961 562 2010 verum
590 1940 669 2010 iilud
698 1946 814 2025 luerit,
845 1947 931 2033 quod
961 1941 1003 2011 rie
1025 1963 1062 2010 se
1083 1947 1158 2030 ipso

114 2030 314 2097 vaticinatus
336 2041 404 2106 cst,
433 2042 624 2133 postauam
647 2044 782 2096 mortem
805 2033 973 2098 Romanos
999 2030 1161 2098 oblituros

113 2138 193 2182 esse
216 2119 343 2203 loqcier
367 2117 489 2182 Lottrra
512 2112 679 2202 liupuni).
723 2117 829 2202 Tanto
859 2118 967 2204 nangis
1000 2117 1073 2200 ipse
1101 2138 1158 2199 gn*

113 2205 208 2268 visus
238 2224 330 2280 sum,
360 2204 447 2288 quoti
477 2199 572 2280 mihi,
603 2203 657 2288 qui
685 2223 726 2268 ee
749 2197 973 2270 Romanorum
998 2201 1160 2279 carmina,

114 2307 202 2372 quee
240 2287 505 2352 adolescentibus
536 2299 615 2352 nota
648 2308 723 2354 cese
756 2300 788 2352 et
819 2295 974 2374 tanquam
1009 2285 1161 2371 exempla

8 2417 9 2420 ,
113 2375 255 2458 proponi
293 2370 423 2451 soient,
454 2371 543 2437 haud
575 2373 671 2438 nimis
702 2371 855 2439 admirari
888 2373 1005 2462 solitus
1038 2391 1161 2452 essem,

113 2459 240 2542 quippe
267 2475 352 2543 quae
374 2451 557 2524 Romanam
587 2457 782 2542 gravitatem
803 2470 836 2524 et
857 2461 923 2524 vim
945 2452 1071 2542 spirare
1093 2477 1159 2522 ura·

113 2545 236 2609 xlmam
261 2555 387 2626 partem
409 2565 474 2608 non
499 2539 696 2620 viderentur,
720 2544 797 2608 date
820 2557 870 2610 est
894 2544 1028 2609 accersio
1050 2544 1082 2609 in
1106 2557 1160 2608 ve·

112 2639 216 2696 terem
247 2629 468 2694 Romanorum
499 2629 616 2712 poesin
644 2643 704 2712 pro
733 2625 819 2694 virili
857 2637 949 2714 porte
979 2625 1162 2713 inquirendi

114 2725 158 2792 et,
182 2735 267 2799 quae
288 2733 367 2777 vere
385 2710 535 2777 Romana
558 2714 613 2790 eit,
635 2712 871 2799 cognoscendi.
914 2709 1031 2779 Naevii
1053 2725 1160 2778 autem

113 2795 231 2864 laudes
263 2808 295 2861 et
323 2797 461 2860 virtutes
488 2790 593 2880 magis
623 2799 770 2862 sensisse
800 2819 871 2876 mc,
905 2816 1003 2882 quam
1076 2797 1162 2862 retus

112 2882 339 2968 perspexisse,
361 2875 479 2945 nemini
502 2879 549 2959 (id
567 2878 683 2944 saitem
700 2878 819 2966 quovis
838 2885 974 2966 pignore
996 2898 1016 2948 e
1054 2887 1162 2948 rmore

113 2969 207 3052 iicet)
239 2967 344 3050 magis
397 2983 471 3030 nam
499 2966 563 3049 ipsi
594 2961 671 3030 milri
711 2981 903 3050 persuasum
934 2987 1011 3033 esse
1039 2979 1158 3052 potest.

113 3049 208 3130 Nam,
225 3063 260 3117 ut
285 3067 358 3116 etim
411 3050 528 3116 accina-
549 3046 636 3134 opud
661 3046 854 3118 Ciceronem
866 3053 898 3132 ⁴)
922 3053 1058 3138 loquare
1079 3049 1161 3118 ocio*

115 3143 238 3205 lescene
266 3156 352 3213 strong
384 3133 491 3202 omnio
518 3131 707 3222 excopitere
728 3141 779 3204 oei
801 3135 927 3219 studio,
959 3143 1010 3204 cet
1040 3149 1159 3220 aetate,

113 3229 166 3291 cet
193 3231 277 3290 metu
303 3243 370 3290 non
398 3239 551 3307 possuntt
580 3240 685 3308 neque
713 3224 786 3308 ipsa
815 3238 981 3310 tempora,
1012 3225 1044 3289 in
1076 3243 1162 3310 quae

113 3310 177 3376 hoo
200 3309 339 3374 studium
362 3327 468 3374 meum
491 3309 621 3385 incidit,
645 3303 791 3376 secontia
817 3309 927 3376 dicere
949 3325 1103 3393 possum,
1126 3320 1162 3377 ut

115 3414 200 3481 quae
229 3393 370 3458 arrimum
400 3389 603 3458 retraherent
631 3393 739 3476 magis
766 3411 788 3461 e
812 3394 951 3462 oonsilio
980 3395 1162 3480 proposito,

114 3496 214 3567 quarn
232 3483 274 3546 ed
297 3478 330 3545 id
352 3487 557 3546 revocarent

182 3721 210 3794 r)
230 3720 330 3778 amm.
351 3721 449 3780 eccm
467 3715 488 3779 i.
501 3734 536 3796 μ
554 3699 615 3778 neo.
657 3723 686 3792 a)
705 3715 744 3793 ef.
764 3717 861 3791 mom,
883 3719 998 3790 nimau.
1018 3715 1049 3780 ot
1073 3725 1162 3781 nom

113 3802 174 3953 311ξῖ
192 3801 360 3948 &propiciato
375 3825 445 3884 pop.
464 3809 507 3865 51.
526 3813 555 3865 et
573 3803 630 3866 181.
664 3801 825 3878 enecetur
842 3808 863 3866 1ι
883 3811 966 3868 lbi·
1001 3806 1030 3878 i)
1049 3803 1090 3866 od
1106 3803 1160 3867 m·
